2752 4778
1159 186 1235 270 249

119 370 163 435 do
194 371 324 449 propriis
352 371 525 433 uomtntbus
560 378 664 433 contro
696 370 861 445 disputavit
895 375 1041 452 magister
1075 375 1237 453 statimque

120 459 203 519 dixit
225 474 326 533 neque
349 458 504 518 essentiae
525 461 620 534 patris
644 474 755 518 nomen
778 473 866 534 esse,
889 476 989 535 neque
1012 463 1155 534 actionis,
1180 464 1237 524 sed

121 545 300 618 relationis,
329 550 359 604 et
388 544 541 619 quomodo
571 545 610 605 ad
638 545 731 605 lilium
755 561 789 603 se
813 551 915 621 pater,
945 554 998 607 aut
1019 549 1099 608 filins
1121 549 1161 608 od
1183 566 1237 625 po·

121 636 205 693 trem
226 648 260 691 se
283 631 408 701 habeat,
431 632 556 691 comiter
577 631 667 690 infert
689 630 812 704 dicens,
843 629 906 704 ‚Sit
926 636 1017 694 etiam
1041 636 1187 708 actionis,
1211 637 1237 696 si

121 719 170 781 tta
189 717 334 790 videtur‘,
357 723 388 777 et
406 716 505 788 addit,
535 717 665 791 ,Eodem
686 719 765 777 enirn
786 716 876 777 modo
896 718 1034 781 dicemus
1056 721 1116 781 hoc
1136 722 1236 796 ipsum

122 806 233 883 egisse
254 810 372 881 patrem
394 809 428 864 ut
449 803 721 864 consubstantialis
743 805 801 879 ipsi
822 803 903 865 filins
925 813 1029 867 esset.t
1080 806 1237 881 Quomodo

121 893 236 971 igitur,
265 895 392 967 quaeret
419 889 552 951 fortasse
581 891 690 967 aliquis
719 891 867 950 curiosior
897 899 927 952 ει
956 893 1029 953 nihil
1060 895 1141 969 quod
1165 895 1238 955 utile

123 979 168 1039 stt
185 978 330 1059 ignorare
353 978 526 1049 sustinens,
550 977 702 1052 quomodo
725 978 789 1053 agit
808 982 841 1036 ut
864 981 1135 1041 consubstantialis
1158 980 1238 1042 llltus

124 1062 189 1125 snt
235 1063 322 1137 Quod
346 1064 405 1122 hoo
427 1063 490 1123 lere
514 1064 605 1123 modo
627 1063 847 1139 explanabitur.
904 1064 985 1127 Duas
1006 1068 1037 1125 iu
1060 1068 1237 1130 universum

123 1150 267 1213 actiones
290 1151 319 1208 tn
343 1152 436 1210 rebus
460 1156 614 1222 statuunt,
638 1166 765 1224 quarum
783 1166 847 1229 una
865 1156 913 1211 est
935 1168 1015 1227 quae
1038 1170 1077 1214 ex
1099 1155 1136 1213 iis
1159 1170 1239 1230 qrrae

123 1242 201 1300 sunt
228 1235 405 1297 nuturnliter
433 1240 674 1312 procreaturae
698 1238 758 1295 sint
781 1237 918 1298 eiusdem
941 1245 971 1299 et
992 1242 1114 1316 generis
1137 1247 1168 1301 et
1188 1257 1238 1301 es·

123 1323 261 1397 sentiae,
292 1322 410 1396 albique
437 1324 513 1398 ipsis
542 1324 649 1384 eadem
678 1324 790 1397 ubique
814 1328 843 1383 et
865 1328 1046 1386 constantia.
1106 1325 1147 1386 De
1176 1342 1237 1402 qua

123 1410 222 1473 veluti
244 1409 435 1486 morigerans
458 1411 606 1487 argutulis
629 1409 687 1468 illis
709 1415 791 1469 recte
809 1414 969 1489 magister,
993 1429 1052 1488 ouo
1070 1412 1238 1489 paullisper

123 1497 239 1559 saltem
269 1512 289 1556 u
312 1494 556 1571 blasphemando
578 1513 632 1556 eos
655 1495 829 1572 prohibeat,
860 1497 947 1570 dicit,
982 1498 1071 1575 ,Esto
1095 1516 1166 1559 vero
1187 1516 1238 1560 se-

122 1582 264 1647 cundum
287 1586 370 1656 ros‘,
393 1583 561 1643 seeundum
584 1582 797 1657 disputationis
814 1587 1019 1659 propositum,
1043 1592 1125 1660 ,esto
1145 1588 1237 1649 etiam

123 1669 257 1733 aetionis
279 1684 389 1728 nomen
413 1674 530 1745 pater‘3
560 1668 661 1729 ethis
685 1669 858 1747 subiungit,
890 1671 1019 1744 ,Eodem
1043 1672 1122 1732 enlm
1145 1672 1236 1734 modo

122 1756 266 1818 dlcemus
287 1754 347 1814 hoo
369 1755 469 1831 ipsum
490 1757 594 1833 egisse
615 1760 733 1831 patrem
744 1758 762 1826 ι,
789 1756 820 1816 id
843 1762 944 1817 estut
966 1759 1236 1819 consubstantialis

122 1844 184 1921 ipsi
206 1841 285 1903 lilius
307 1846 408 1912 esset,
436 1846 584 1917 tanquam
607 1842 738 1902 efficeret
762 1843 912 1903 actionem
938 1845 1143 1905 essentialiter
1165 1847 1237 1906 snb-

123 1934 262 1993 stantem
291 1933 322 1988 et
351 1929 518 2003 virentem,
555 1928 812 2003 quemadmodum
844 1934 875 1988 et
901 1946 1074 1992 sermonem
1103 1933 1237 2007 prolecto

123 2018 230 2077 rtrum
260 2020 290 2074 ει
316 2019 499 2090 potestatem
530 2019 559 2074 et
588 2016 770 2090 sapientiam
794 2030 847 2090 per
869 2032 903 2074 se
925 2016 1023 2091 ipsam
1046 2018 1237 2079 substantem

124 2102 317 2181 unigenitum
347 2099 395 2160 del
425 2117 595 2162 sermonem
625 2101 769 2161 etlilium
792 2101 888 2177 patris
912 2101 1003 2161 diuini
1025 2104 1161 2164 veritatis
1183 2104 1238 2163 do-

127 2194 231 2251 ctores
259 2187 410 2247 dixerunt.
477 2187 609 2248 Alteram
639 2193 741 2247 antem
771 2188 921 2248 actionem
950 2189 990 2249 ad
1020 2195 1147 2250 externa
1176 2190 1239 2251 elli·

127 2275 241 2337 ciendo
263 2275 414 2352 pertinere
435 2279 588 2347 statuunt,
613 2288 673 2349 qna
697 2274 763 2349 quis
787 2274 867 2334 circu
890 2279 1048 2336 externum
1072 2276 1185 2350 aliquid
1209 2282 1238 2337 ει

128 2361 249 2424 alienae
271 2362 425 2422 essentiae
448 2377 545 2437 agens
568 2361 699 2421 nlienum
723 2359 794 2434 quid
817 2375 836 2420 ε
858 2362 978 2435 propria
997 2364 1239 2438 essentiamque

128 2448 284 2511 diuersum
307 2463 346 2508 ex
369 2448 496 2509 materia
520 2448 580 2507 iam
603 2448 686 2523 prins
709 2448 860 2506 existente
882 2449 1022 2510 instituit.
1076 2447 1162 2509 Hunc
1185 2466 1239 2512 au-

127 2540 189 2598 tem
219 2535 369 2595 actionem
398 2551 467 2595 oum
496 2534 613 2594 artibus
643 2534 812 2594 secundum
841 2534 1000 2595 scientiam
1022 2536 1239 2596 communicari

128 2629 159 2685 et
188 2622 387 2697 compositam
416 2636 487 2680 esse
517 2622 610 2681 ciunt.
664 2619 707 2680 lle
735 2636 796 2695 qua
825 2619 947 2680 divinus
976 2622 1098 2696 doctor,
1129 2621 1236 2698 ‚Emit

127 2710 240 2785 inquit,
268 2707 418 2783 ,alioquin
442 2707 628 2768 absurditate
651 2723 711 2767 uon
734 2709 846 2781 caret‘,
875 2707 961 2767 iuxta
985 2725 1075 2784 quum
1098 2709 1239 2769 videlicet

126 2797 276 2857 rationem
300 2799 426 2870 accepta
447 2800 508 2865 est,
539 2793 731 2867 ‚huiusmodi
753 2794 881 2854 actionis
900 2796 1029 2871 opinio‘,
1057 2796 1237 2872 praesertim

127 2883 154 2942 si
184 2881 223 2942 de
252 2886 339 2956 patre
368 2885 397 2940 et
425 2879 486 2939 filio
515 2881 677 2956 accipitur,
708 2880 877 2955 dequibus
901 2897 939 2941 ne
962 2884 1091 2957 priorem
1116 2881 1237 2958 quidem

126 2969 247 3045 proprie
274 2969 425 3028 actionem
455 2969 590 3027 statuere
612 2982 669 3024 nos
691 2967 759 3042 pius
783 2983 895 3027 sensns
918 2971 1047 3044 patitur,
1076 2975 1238 3045 propterea

126 3055 209 3133 quod
232 3054 323 3115 etlam
346 3052 426 3113 hauc
449 3060 574 3128 superat
596 3052 755 3113 ineffabilis
779 3060 808 3113 et
834 3054 1148 3128 incomprehensibilis
1171 3056 1238 3114 uni-

126 3143 219 3220 gonlti
241 3141 428 3209 substantia,
465 3154 525 3213 qua
547 3156 584 3199 ex
609 3145 693 3213 patre
716 3146 745 3199 ει
768 3155 836 3199 cnm
859 3145 945 3214 patre
967 3145 997 3199 ει
1018 3141 1047 3199 ln
1071 3146 1157 3215 patre
1180 3146 1235 3200 est.

125 3308 185 3386 Ex
208 3308 370 3383 secundo
395 3307 441 3381 de
463 3304 560 3381 Filio
584 3330 769 3399 sermone,
794 3309 833 3381 in
855 3306 972 3398 illud,
1009 3304 1126 3399 ,Deus
1150 3329 1237 3381 vero

178 3413 323 3487 dicotur
343 3434 417 3485 nou
441 3410 581 3483 ratione
598 3409 723 3501 verbi,
750 3411 816 3485 sed
837 3411 950 3510 partis
973 3433 1067 3509 quae
1091 3410 1130 3483 iu
1153 3433 1236 3484 ocu-

175 3517 302 3591 lorum
323 3537 472 3588 sensum
496 3513 604 3587 cadit.
659 3510 740 3603 Quo
763 3515 862 3587 enim
885 3513 996 3587 modo
1021 3513 1144 3603 illius,
1173 3515 1236 3611 qui

175 3617 326 3719 proprie
347 3617 438 3691 deus
462 3625 518 3690 est
540 3616 631 3690 deus
653 3617 726 3690 dici
750 3614 880 3715 queat?
916 3613 1236 3706 Quemadmodum

174 3731 281 3824 pater
305 3745 379 3794 uon
407 3720 663 3812 humanitatis,
696 3719 762 3793 sed
792 3718 897 3794 verbi
928 3730 1105 3818 respectu.
1159 3715 1235 3791 Du·

175 3826 267 3927 plici
297 3824 432 3923 quippe
456 3833 586 3896 natura
608 3821 814 3913 constabat3
849 3847 920 3922 quo
942 3823 986 3895 fic
1011 3831 1055 3895 ut
1076 3821 1235 3905 alterum

174 3931 223 4005 de
257 3936 413 4027 utroque
448 3928 597 4026 proprie
631 3926 791 4017 dicatur,
834 3926 991 3999 alterum
1024 3924 1234 4024 improprie,

173 4040 301 4109 contra
333 4055 444 4130 quum
473 4030 512 4105 in
540 4029 648 4103 nobis
673 4053 712 4102 se
741 4052 798 4101 res
825 4027 947 4101 habet.
1007 4026 1108 4101 Deus
1137 4027 1237 4101 enim

173 4134 324 4238 proprie
345 4142 468 4208 noster
491 4133 583 4207 deus
604 4142 675 4224 est,
703 4156 777 4205 uon
796 4141 920 4205 autem
940 4131 1088 4230 proprie
1108 4134 1235 4231 paten‘

233 4271 386 4346 ‚Alterum
408 4272 529 4348 proprie
552 4269 591 4332 de
611 4275 755 4344 utroqne‘
780 4273 826 4329 est
848 4268 1041 4345 ponendum,
1065 4274 1096 4329 et
1118 4268 1156 4329 de
1180 4286 1234 4345 pa-

121 4364 165 4423 tre
188 4366 221 4421 et
242 4358 282 4419 de
304 4359 377 4433 deo,
400 4367 435 4420 ut
457 4373 586 4434 quorum
608 4363 769 4433 utrumque
792 4357 911 4433 proprie
932 4360 1031 4432 potest
1053 4354 1092 4415 de
1114 4355 1234 4416 Christo
