2752 4778
55 634 104 674 ὒοδ.
120 629 179 673 [1Ιό
193 645 211 675 ι.

56 681 210 735 Μωρω

221 215 268 289 32

219 394 375 478 θεότητος
406 402 460 463 καὶ
488 394 607 486 σαρκός
636 395 794 480 ἐνέργειαν
822 401 923 482 λέγειν
953 397 990 465 οῦ
1021 392 1134 487 θέμις,
1177 401 1295 488 είττερ1

220 497 333 567 ταῦτόν
361 499 507 580 ποιότητι
538 502 656 590 φυσικῆ
685 498 801 580 θεότης
824 506 883 568 καὶ
913 501 1012 589 σδρξ,
1050 503 1119 570 ἐπεὶ
1151 509 1207 571 καί
1232 504 1295 591 φάο

219 611 272 672 καὶ
290 603 453 689 γευῆσεται
472 601 581 688 τετρὰς
598 598 614 682 ἢ
634 601 735 689 τριάς.
755 607 761 686 Ι
809 603 919 672 ’3οῦτε
939 605 999 694 γὰρ
1017 606 1096 673 κατά
1115 605 1238 694 φάσιν,
1265 611 1295 674 οῦ

218 708 298 775 κατὰ
320 706 471 788 δύναμιν,
500 701 571 770 οῦτε
594 700 659 771 κατ’
682 704 855 791 ἐνέργειαν,
885 712 993 792 γέγονε
1016 706 1147 790 τοῦτόν,
1173 717 1270 797 φησὶ,
1293 743 1295 748 ·

218 819 324 899 σαρκί.
381 805 493 874 Οῦδενὶ
522 806 582 894 γὰρ
613 798 639 894 ᾧ
667 811 805 890 πέφυκεν
833 803 915 876 εἶναι
947 811 1000 876 διό
1029 811 1084 892 τῆν
1109 819 1192 896 μίαν
1222 812 1295 882 οῦσίι

692 907 701 931 ἱ
752 905 762 931 (
813 908 838 932 Η

218 920 315 1000 πατρὶ
344 919 397 979 καλ
426 908 578 995 πνεύματι
609 905 723 974 τοῦτον
746 935 763 974 ο
789 935 875 989 υιος,
909 916 1017 996 γέγονε
1040 911 1159 982 ταῦτδν
1180 919 1219 1006 τῆ
1240 941 1294 1003 σορ

219 1015 271 1080 διό
301 1012 354 1094 τῆν
382 1012 511 1093 έυυισιν,
549 1007 608 1076 κάν
637 1015 809 1090 πεποίηκεν
838 1008 934 1091 αῦτῆν
964 1013 1125 1090 ζυιοποιόν
1156 1013 1295 1083 ένοίσειι

128 1131 130 1135 ’
218 1113 300 1200 πρός
327 1108 439 1193 αῦτδν,
467 1109 605 1196 ἔχουσαν
635 1109 671 1174 τό
701 1109 795 1195 φάσει
826 1108 955 1192 θνητόν.
1010 1109 1095 1179 Ἐπεὶ
1123 1122 1179 1181 καὶ
1203 1142 1295 1203 τρεπτι

56 3215 103 3256 (λοῦ.
119 3217 131 3255 f.
143 3210 178 3254 115
188 3215 208 3259 λ.

54 3525 88 3567 nd.
98 3528 138 3567 (ὴΙ,
152 3538 168 3576 ρ.
176 3521 207 3568 (θ.

219 1215 369 1305 ῦπάρχυιν
391 1212 598 1300 δειχθήσεται
621 1212 839 1299 φάσεως,καὶ
863 1216 917 1296 τῆν
940 1213 1055 1284 οῦσίαν
1078 1223 1132 1299 τῆς
1149 1220 1294 1308 σαρκδςε

218 1323 298 1410 όπερ
323 1318 379 1387 οῦκ
402 1312 440 1400 ῆν
462 1317 658 1405 ἀλλοιώσας,
686 1326 739 1386 καί
763 1317 877 1387 ταότδν
899 1323 1081 1404 πεποιηκός
1102 1329 1139 1417 τῆ
1162 1325 1256 1413 φόσει
1274 1327 1295 1392 τί

219 1428 340 1493 ἓνιοσιν.
387 1423 452 1505 Τῆυ
473 1424 534 1511 γάρ
557 1424 750 1511 θεανδρικῆυ
773 1424 946 1513 ἐνέργειαν,
975 1422 1017 1503 ὡς
1039 1423 1190 1509 άπεδόθη
1213 1427 1295 1509 νοῆσυ

217 1552 292 1618 μεν·
321 1526 359 1610 ῆν
380 1526 456 1614 ῆμίυ
477 1525 534 1595 οῦκ
558 1529 660 1618 ἑαυτῷ
681 1528 950 1615 πολιτευσάμενος
972 1530 1026 1612 τῆν
1049 1527 1148 1617 φῦσιν
1167 1544 1236 1611 τοῖς
1252 1529 1295 1599 ῦπλ

219 1631 319 1720 φῦσιν
340 1631 524 1700 “έκοιίνισε.
565 1637 721 1698 Πολιτεία
739 1632 798 1719 γάρ
818 1635 885 1700 ἐστι
904 1636 974 1718 βίος
990 1634 1070 1701 κατὰ
1089 1632 1191 1722 νόμον
1208 1630 1295 1722 φῦσευ

220 1730 456 1818 διεξαγόμευος.
499 1736 643 1809 Διπλοῦς
665 1736 700 1798 δέ
721 1733 743 1769 ⁶⁵
756 1732 799 1799 οῦν
822 1734 876 1814 τῆν
895 1734 993 1820 φῦσιν
1013 1731 1031 1800 ό
1052 1732 1180 1822 κέρνος,
1202 1737 1295 1806 είκότι

218 1844 292 1922 βίον
313 1835 395 1920 έχων
415 1833 513 1920 ἐφάνη
536 1834 746 1914 κατάλληλον,
776 1834 864 1924 νόμῳ
887 1862 919 1902 τε
941 1842 1023 1926 θείῳ
1046 1844 1100 1904 καὶ
1122 1835 1295 1927 ἀνθρωπίνη

218 1937 330 2005 οῦκατδι
349 1935 463 2003 ταῦτδν
478 1935 659 2025 όσυγχότως
681 1944 983 2025 συγκεκροτημένον·
1012 1941 1123 2007 καινόν
1147 1948 1200 2009 καλ
1224 1940 1293 2009 αῦτδ

220 2041 278 2131 οῦχ
296 2039 339 2120 οῦς
354 2040 456 2128 μόνον
475 2045 565 2120 ξένον
584 2052 652 2118 τοῖς
671 2041 723 2108 ἐπὶ
741 2047 796 2127 γῆς
813 2049 866 2109 καὶ
885 2043 1088 2130 παράδοξον,
1112 2053 1167 2113 καλ
1187 2045 1295 2114 οῦπιυι

218 2146 312 2235 φάσει
341 2152 402 2213 τοῦν
432 2145 532 2214 όντων
554 2150 801 2232 διεγνωσμένον,
837 2145 916 2214 άλλιλ
939 2155 992 2215 καὶ
1013 2155 1201 2238 χαρακτῆρα
1224 2155 1295 2218 καινὶ

218 2257 274 2319 τοῦ
296 2258 411 2330 καινῶς
430 2251 608 2337 βιώσαντος
630 2252 798 2339 ἐνεργείας.
832 2251 892 2319 Ἦν
908 2253 1101 2342 θεανδρικῆυ
1115 2255 1214 2342 τυχόν
1231 2281 1295 2344 προς

217 2357 383 2446 εγόρευσεν
413 2354 431 2423 ό
458 2362 502 2447 τῳ
522 2363 684 2445 μυστηρίῳ
708 2357 811 2446 τοότῳ
834 2362 944 2438 κλῆσιν
967 2359 1138 2440 ἐπινοήσας
1160 2357 1293 2446 ἆρμόδιο

215 2463 270 2527 ἵνα
293 2463 377 2548 δείξη
401 2459 457 2527 τόν
474 2460 552 2525 κατὰ
571 2459 625 2540 τῆν
641 2457 824 2550 άπόρῥητον
843 2463 956 2529 έυιοσιν
974 2467 1027 2542 τῆς
1044 2459 1236 2541 ἀντιδόσεως
1252 2488 1295 2547 τρε

217 2591 297 2644 πον,
320 2560 386 2631 κατ’
409 2563 587 2648 έπαλλαγῆν
609 2563 646 2628 τὰ
670 2570 813 2650 φυσικῶς
834 2565 970 2655 ἑκατέρῳ
992 2570 1082 2652 μέρει
1106 2571 1165 2633 τοῦ
1181 2570 1295 2656 Χριστο

218 2667 376 2756 προςόντα
404 2671 531 2758 θατέρῳ
560 2672 791 2754 πεποιημένον,
825 2676 925 2756 χωρὶς
952 2674 1006 2750 τῆς
1033 2669 1185 2758 ἑκατέρου
1211 2675 1295 2760 μέρει

217 2770 300 2859 πρός
320 2770 460 2857 θάτερον
478 2769 557 2838 κατὰ
578 2769 633 2837 τόν
651 2770 746 2857 φόσει
764 2772 861 2857 λόγον
879 2777 1056 2858 μεταβολῆς
1071 2782 1125 2840 καί
1149 2774 1173 2812 ⁶⁷
1184 2774 1295 2862 συμφίη

217 2899 306 2952 σεως.
353 2874 467 2961 Ὥςπερ
495 2873 556 2962 γὰρ
587 2879 643 2940 τοῦ
661 2879 936 2962 ’πυρακτωθέντος
971 2879 1084 2961 ξίφους
1112 2876 1148 2943 τό
1179 2875 1295 2962 τμητικέ

216 2983 325 3064 γέγονε
359 2977 546 3062 καυστικδν,
581 2987 635 3045 καὶ
671 2979 707 3046 τδ
737 2980 908 3048 καυστικόν
938 2980 1087 3064 τμητικὸν
1116 2978 1236 3066 (ἧυώθη
1264 2978 1295 3067 γέ

218 3083 319 3171 οῦςπερ
342 3083 497 3174 “”σιδῆρῳ
520 3084 555 3150 τό
579 3090 673 3170 πῦρ),
708 3085 789 3150 οῦτοι
812 3090 866 3151 καὶ
890 3091 934 3173 τῷ
956 3091 1012 3151 τοῦ
1035 3087 1170 3174 σιδῆρου
1193 3113 1295 3173 τμηται

218 3187 254 3254 τό
278 3193 334 3256 τοῦ
356 3187 456 3275 πυρός
475 3188 480 3276 Ι
500 3188 686 3271 καυστικόν,
720 3196 773 3255 καὶ
795 3194 904 3274 γέγονε
925 3196 985 3274 μὲν
1006 3190 1176 3270 καυστικός
1199 3187 1218 3258 ό
1242 3193 1295 3260 σίδι

218 3323 274 3384 ρος
292 3295 403 3365 έναίσει
427 3299 463 3388 τῆ
484 3296 567 3384 πρός
589 3294 625 3361 τό
648 3301 730 3383 πῦρ,
757 3303 814 3363 καὶ
838 3297 987 3382 τμητικόν
1010 3297 1045 3364 τό
1071 3303 1134 3384 πῦρ
1158 3297 1295 3368 έναίσειι

217 3399 299 3489 πρός
328 3400 384 3467 τόν
413 3403 561 3485 σίδηρον·
600 3395 766 3484 οῦδέτερον
795 3404 830 3466 δὲ
859 3399 882 3436 ⁰⁹
895 3400 1017 3488 τρόπον
1046 3405 1082 3492 τῆ
1110 3396 1187 3468 καθ’
1216 3401 1295 3468 ένυσι

217 3501 383 3572 όντιδόσει
401 3503 520 3589 70πρός
540 3502 681 3588 θάτερον
703 3507 882 3582 πέπονθεν,
914 3499 981 3569 ἀλλ’
1003 3499 1157 3588 ἑκάτερον
1179 3505 1201 3542 ⁷¹
1213 3501 1295 3571 κόνι

217 3611 275 3674 τοῦ
297 3610 501 3693 συγκειμένου
523 3602 599 3672 καθ’
621 3607 734 3674 ένιοσιν
757 3607 889 3688 ίδιότητι
912 3612 1063 3692 μεμένηκε
1086 3611 1139 3688 τῆς
1161 3609 1242 3675 κατά
1267 3631 1295 3694 φτ

217 3738 270 3779 σιν
293 3711 414 3788 οἰκείοις
436 3707 650 3778 όνέκπτωτον·
693 3712 773 3777 οῦτιο
796 3708 888 3778 ”miv
910 3716 954 3799 τῷ
974 3718 1137 3800 μυστηρίῳ
1161 3716 1216 3794 τῆς
1237 3717 1295 3779 θείι

217 3813 408 3900 σαρκιόσεως
437 3813 553 3894 θεότης
580 3819 634 3879 καὶ
663 3809 874 3898 άυθρωπότης
902 3809 1010 3893 ῆναίθη
1040 3809 1116 3879 καθ’
1138 3809 1295 3882 ῦπόστασι

215 3919 386 4000 μηδετέρας
420 3919 474 3994 τῆς
501 3919 635 4000 φυσικῆς
664 3913 816 3994 έκστάσης
846 3913 1005 3999 ἐνεργείας
1032 3912 1085 3979 διό
1114 3914 1178 4002 τῆν
1205 3915 1293 3984 ἕνωτι

216 4012 327 4104 ”μῆτε
354 4018 420 4104 μῆν
447 4016 583 4105 άσχετον
605 4016 703 4099 αῦτῆν
724 4021 909 4102 κεκτημένης
929 4016 1007 4102 μετδ
1033 4017 1091 4097 τῆν
1114 4017 1246 4106 ένιοσιν,
1272 4042 1295 4084 κι

216 4124 269 4202 τῆς
297 4127 497 4209 συγκειμένης
530 4129 583 4190 καὶ
616 4124 640 4160 '⁴
653 4121 894 4208 συνυφεστάσης
926 4124 1201 4210 διακεκριμμένην.
1248 4122 1295 4188 “Ol

215 4220 276 4309 γάρ
306 4228 343 4316 τῆ
360 4228 526 4316 ’δραστικῆ
553 4225 681 4311 δυνάμει
711 4228 763 4305 τῆς
780 4226 907 4300 ,οἰκείας
928 4223 1082 4306 θεότητος
1104 4220 1123 4292 ό
1147 4228 1295 4312 σαρκιυθυ

284 4413 326 4468 63.
346 4413 433 4463 Verba
453 4406 523 4462 Οῦτε
540 4406 596 4478 γδρ
618 4434 650 4447 ·-
669 4435 703 4449 -
723 4440 754 4452 -
775 4409 808 4479 τῆ
825 4403 908 4477 σαρκί
926 4424 975 4460 non
998 4417 1149 4477 comparent
1166 4413 1192 4460 iu
1211 4411 1251 4465 ed.
1267 4408 1295 4461 δι
