2752 4778
1093 200 1164 281 tit

10 422 35 458 g
59 385 104 445 rio
143 389 307 459 patronum
348 386 438 448 huius
478 386 629 461 opinionis
666 391 758 460 atque
793 387 947 447 doctorem
981 385 1167 455 infallibilem

29 469 177 544 ,habam
222 472 272 545 qui
302 489 372 532 vere
401 478 447 532 est
474 471 565 532 homo
594 473 709 548 iactus,
745 474 857 547 quique
885 477 1043 546 naturam,
1078 471 1168 532 simul

10 596 32 633 ,ς
58 562 152 631 atque
185 572 256 617 esse
286 558 413 635 incepit,
449 558 618 619 secundum
647 560 875 636 generationem
904 559 1071 619 subsistere
1099 573 1167 633 per-

10 684 31 720 f,
57 642 138 705 lecte
167 641 331 704 habentem
360 646 633 721 persemetipsum
656 645 844 706 confirmavit
867 651 897 706 et
918 645 1018 706 solum
1040 649 1168 705 naturae

10 750 26 806 ξ
56 730 286 799 innovationem
314 729 487 801 inchoavit,
516 732 747 806 conceptionem
775 747 829 806 per
856 733 1005 793 sationem
1034 731 1168 805 inquam,

10 812 28 893 3'
57 819 153 890 atque
174 817 403 892 generationem
421 833 474 892 per
490 817 660 890 interitum,
684 832 760 892 quas
780 823 889 878 natura
907 823 976 892 post
993 824 1167 893 transgres-

10 948 27 981 ,,
57 902 178 963 sionem
200 903 258 962 sibi
280 907 491 978 contraxerat,
526 920 595 963 cnm
619 903 657 962 de
679 903 781 963 divino
804 909 833 963 et
855 904 1002 980 spirituali
1029 905 1063 962 in·
1090 902 1168 963 rnul-

21 1032 28 1065 ι
55 986 217 1048 titudinem
234 991 421 1049 incremento
439 988 568 1064 delapsa
586 994 686 1062 esset,
710 990 764 1050 sed
784 1005 845 1049 non
864 995 992 1051 natiuae
1007 988 1181 1059 rationem,

10 1119 27 1153 .:
57 1073 229 1135 secundum
259 1092 351 1150 quarn
379 1081 409 1136 et
438 1080 486 1134 est
513 1081 544 1135 et
571 1076 634 1135 lieri
657 1080 771 1152 potest,
801 1078 892 1136 simul
914 1093 982 1138 cum
1006 1075 1168 1137 existentia

56 1176 95 1220 ex
120 1162 259 1221 rationali
283 1164 384 1221 anima
406 1166 498 1237 atque
521 1178 648 1239 corpore
671 1163 870 1238 suscepisset

10 1309 251 1456 {Quomodo
278 1345 465 1420 innovatio
492 1344 558 1419 fiat
585 1345 676 1420 dum
702 1369 758 1420 res
785 1346 1014 1421 innovandae
1040 1345 1168 1423 firmae

109 1457 240 1523 natura
263 1473 305 1523 ac
328 1447 480 1523 stabiles
500 1458 681 1523 maneant.

164 1596 268 1658 Omnis
291 1597 485 1670 etenim‚ut
505 1598 648 1657 universe
671 1596 786 1672 dicam,
816 1598 972 1658 innovatio
999 1598 1080 1657 circa
1100 1614 1166 1659 mo·

15 1685 129 1746 .dum
152 1687 197 1746 rai
217 1683 431 1753 innovandae,
462 1699 521 1744 non
547 1685 628 1743 circa
650 1685 799 1744 rationem
822 1688 965 1758 naturae,
994 1685 1058 1767 fieri
1081 1701 1166 1745 corn-

10 1777 165 1853 parata
194 1776 256 1846 est,
294 1770 366 1844 quia
393 1770 470 1829 ratio
500 1771 644 1830 innovata
674 1774 814 1831 naturam
844 1769 951 1844 laedit,
988 1784 1067 1845 quae
1097 1787 1165 1831 eam

10 1858 228 1945 ⁵secundum
264 1871 355 1931 quam
390 1857 493 1915 extstit
528 1857 677 1916 rationem
715 1873 777 1916 non
813 1861 916 1917 teneat
943 1813 1165 1930 intemeratam,

10 1910 167 2025 {modus
197 1959 269 2004 vero
297 1942 510 2012 innovandus,
543 1944 587 2000 ita
614 1943 755 2002 nimirum
777 1949 812 2003 ut
832 1943 982 2003 naturalis
1004 1944 1080 2003 ratio
1102 1960 1166 2003 ser-

10 2085 14 2094 .
55 2038 160 2105 vetur,
198 2029 334 2090 miraculi
367 2027 501 2087 ostendit
528 2029 688 2102 virtutem,
726 2045 795 2088 cum
825 2035 966 2089 naturam
997 2045 1107 2104 nempe
1136 2034 1167 2089 ιι

10 2122 157 2206 actam
195 2122 226 2176 ιι
265 2120 409 2193 agentem
450 2114 528 2174 ultra
564 2130 652 2175 suam
686 2115 782 2188 ipsius
817 2114 917 2191 legem
954 2131 990 2174 ac
1026 2131 1166 2175 normam

10 2169 244 2292 ¹,promoveat
302 2200 391 2262 Bello
425 2209 527 2261 autem
556 2199 711 2261 humanae
740 2205 867 2261 naturae
898 2205 947 2259 est
975 2202 1107 2261 animam
1137 2206 1167 2261 et

10 2306 170 2380 corpus
211 2295 241 2349 et
280 2303 319 2348 ex
357 2288 459 2348 anima
498 2287 638 2347 rationali
674 2291 703 2346 et
739 2304 865 2362 corpore
901 2293 1045 2347 naturam
1084 2303 1164 2362 esse,

10 2344 17 2468 ἶ
55 2381 168 2439 contra
195 2373 303 2437 modus
334 2380 382 2434 est
409 2374 484 2433 ordo
513 2390 573 2448 quo
603 2374 703 2450 agitur
732 2373 909 2433 naturaliter
941 2379 972 2433 et
1000 2375 1078 2451 agit,
1114 2375 1164 2449 qui

10 2479 282 2555 saepenumero
299 2461 434 2519 vertitur
464 2465 494 2518 et
522 2462 714 2528 immutatur,
751 2459 805 2519 sed
835 2464 976 2520 naturam
1005 2477 1068 2520 una
1096 2478 1165 2521 cum

10 2514 224 2637 semetipso
264 2547 387 2606 omnino
428 2561 491 2605 non
532 2551 636 2605 mutat.
702 2545 963 2617 Quemadmodum
1004 2548 1094 2607 etiarn
1133 2547 1165 2606 in

10 2650 239 2728 quacunque
273 2649 307 2692 re
342 2632 403 2692 alia
441 2632 506 2690 fieri
544 2632 639 2711 solet,
680 2632 801 2707 quando
841 2633 917 2693 deus
956 2634 1037 2693 circa
1077 2649 1165 2693 suam

10 2696 170 2798 aliquid
199 2720 401 2780 conditionem
430 2718 558 2779 voluerit
584 2721 732 2778 innovare
761 2720 970 2796 providentiae
995 2725 1063 2797 gra
1063 2736 1093 2780 ιι
1114 2735 1168 2781 eo·

10 2853 14 2899 1}
55 2825 126 2871 rum
156 2809 263 2883 quibus
292 2805 484 2882 providetur
526 2811 557 2864 et
584 2805 623 2865 ad
659 2805 928 2866 demonstrandam
965 2823 1052 2867 suam
1088 2821 1167 2881 quae

10 2938 13 2959 2
56 2899 169 2958 cuncta
199 2890 429 2968 comprehendit
458 2907 495 2950 ac
524 2897 659 2966 permeat
679 2893 829 2952 virtutem.
885 2892 929 2952 lta
951 2894 1085 2968 prolecto
1108 2894 1167 2951 vir-

10 2973 14 3049 ,’
56 2988 154 3042 tutem
176 2979 325 3041 exbibens
348 2978 561 3038 miraculorum
585 2979 751 3051 antiquitus
774 2984 865 3053 atque
890 2985 1079 3039 ostentorum
1102 2997 1167 3039 ma·

10 3058 12 3071 '
56 3067 239 3146 guilicentiis
274 3065 392 3124 ratione
426 3065 632 3122 innovationis
666 3069 713 3124 est
741 3081 833 3133 usus,
874 3081 942 3124 cum
971 3064 1009 3125 ad
1040 3065 1166 3125 alteram

57 3155 139 3215 vitae
169 3153 299 3228 speciem
330 3152 416 3209 iuxta
446 3151 537 3208 istam
575 3151 604 3206 in
643 3166 734 3209 carne
770 3157 800 3210 et
834 3152 968 3209 interitui
1004 3153 1165 3210 obnoxiam

56 3237 185 3301 Henoch
214 3244 244 3298 et
265 3236 361 3295 Ellam
391 3238 498 3295 beatos
521 3236 602 3294 viros
626 3238 815 3308 transferret,
848 3253 909 3296 non
931 3238 1092 3296 immutata
1115 3252 1168 3296 eo·

57 3343 126 3388 rum
156 3330 282 3394 natura,
316 3321 373 3382 sed
402 3321 611 3382 vicissitudine
638 3322 811 3383 instituendi
835 3324 899 3382 eius
923 3322 1168 3382 administrandi-

57 3429 134 3489 que‚
159 3428 227 3471 cum
251 3425 362 3486 aquam
385 3409 424 3469 ad
447 3408 690 3485 submergendos
708 3410 888 3509 improbos
882 3427 911 3468 ιιι
931 3415 1009 3468 terra
1026 3408 1166 3468 homines

58 3500 287 3575 quenulam
258 3496 448 3570 multiplicari
477 3497 609 3565 iuberet,
640 3513 707 3555 curn
737 3498 766 3555 in
796 3513 868 3556 arca
890 3495 982 3554 simul
1004 3512 1072 3555 cum
1095 3495 1166 3554 ieris

58 3585 232 3665 agrestibus
254 3585 383 3659 primum
406 3584 540 3643 navitam
558 3579 621 3641 Noe
641 3584 732 3641 vitam
753 3581 864 3658 degere
888 3581 970 3641 haud
992 3581 1084 3641 intest
1073 3586 1166 3643 talam

57 3670 252 3743 ostenderet,
290 3686 357 3729 cum
386 3668 539 3728 Abraham
576 3673 606 3726 ιι
640 3666 748 3727 Soram
782 3684 911 3745 magnos
949 3669 997 3727 sui
1034 3666 1166 3727 cultores

58 3765 149 3836 partu
171 3757 334 3817 honoraret
356 3763 476 3830 praeter
497 3760 629 3814 aetatem
652 3770 688 3813 ac
709 3754 878 3830 legitimum
901 3754 993 3830 prolis
1015 3754 1167 3813 serendae

58 3846 222 3907 terminum
252 3847 380 3902 naturae
403 3858 439 3901 ac
461 3847 598 3915 ternpus,
633 3856 702 3899 cum
724 3840 826 3917 ignem
849 3840 981 3916 desuper
1004 3839 1114 3900 cadere
1135 3840 1165 3898 in

57 3932 217 3993 hominum
238 3929 398 4004 impiorum
420 3927 673 3987 summersionem
695 3927 827 4000 iuberet,
850 3942 1043 4002 nequaquam
1063 3932 1165 3986 tamen

59 4035 115 4096 per·
149 4017 207 4077 boc
237 4016 425 4076 imminutum
455 4014 573 4072 ratione
603 4029 660 4072 sua
688 4013 834 4088 naturali,
872 4029 941 4073 curn
970 4014 1035 4072 rubi
1063 4014 1166 4091 ignem

58 4121 122 4167 non
150 4107 289 4165 urentem
326 4103 405 4162 servi
442 4102 487 4161 sui
523 4098 693 4158 advocandi
728 4100 825 4176 gratia
859 4098 1054 4173 accenderet,
1096 4115 1166 4160 cum

58 4207 174 4269 aquam
203 4191 233 4249 in
248 4189 397 4265 ¹Aegypto
417 4189 446 4247 in
471 4186 628 4262 sanguinis
651 4190 783 4245 mutaret
804 4185 996 4261 qualitatem,
1026 4191 1164 4247 naturam

58 4294 151 4341 suam
182 4277 305 4337 omnino
335 4290 396 4332 non
426 4276 646 4348 abnegantem,
678 4272 789 4347 quippe
817 4288 896 4347 quae
924 4288 1002 4348 aqua
1031 4278 1167 4335 maneret

60 4362 232 4433 secundnm
250 4368 390 4425 naturam
407 4360 545 4437 quamvis
563 4358 732 4436 rubefacta,
756 4373 888 4437 cunique
903 4363 1008 4421 celera
1021 4358 1180 4419 mussula
