2752 4778
10 65 44 125 Β
94 102 265 164 musanus
296 100 450 177 praedico.
492 100 688 177 ttosptooe
716 101 815 163 iudico
844 102 1018 166 interillos
1046 124 1178 185 superne

10 170 29 281 '‚
89 186 202 265 mero,
238 201 317 264 quos
352 187 431 249 daus
464 187 523 248 sibi
554 187 663 249 ascivit
691 188 862 251 secuudum
889 188 974 251 illam
1004 195 1177 259 seculorum

84 274 318 353 redditionem»
375 271 437 335 llos
466 289 526 353 ego
555 272 647 335 credo
677 281 804 335 omnem
828 275 1006 351 complexos
1035 295 1106 343 esse
1127 299 1178 344 sa-

10 361 15 381 '
82 360 200 439 pendae
222 360 460 432 abundantiam,
482 376 561 436 quae
583 359 705 436 quidem
728 361 758 420 in
780 360 920 422 homiues
943 365 1054 428 eadere
1070 371 1176 444 possit.

80 444 136 508 llos
152 446 292 508 existimo
312 446 372 508 vita
390 447 465 531 ista,
490 462 570 521 quae
590 453 637 507 est
655 447 826 507 secundum
846 453 996 522 naturam,
1020 453 1059 512 ad
1076 453 1175 530 ipsam

77 534 188 596 animae
217 535 384 594 essentiam
405 534 584 611 pertigisse,
615 533 754 608 adeoque
777 533 927 594 Christum
950 537 1051 611 ipsum
1073 541 1177 604 viven-

10 576 41 763 t
74 626 130 683 taor
149 619 371 699 propemodum
395 627 502 681 nactos
524 621 637 694 fuisse,
667 619 731 689 rel,
761 626 796 680 ιιι
817 621 917 681 maius
940 621 1041 684 adhuc
1065 625 1174 703 dicam,

21 702 25 707 '
71 704 218 769 mustum
240 709 379 782 ipsorum
402 707 523 766 animae
544 707 676 766 animani
699 705 854 780 extitisse,
884 707 1026 783 iactaque
1048 719 1079 772 et
1096 712 1177 774 dicta

10 808 42 835 ἢ·
70 800 100 857 at
123 790 257 872 cogitata
287 807 393 853 eorum
421 795 524 853 omnia
546 800 691 866 tanquam
715 808 773 852 sua
794 792 894 868 palam
918 793 1114 870 exhibuisse,
1142 807 1176 860 ut
1249 789 1251 792 ’

68 881 127 941 tam
145 894 211 940 uon
233 877 366 955 amplius
390 876 514 939 credere
537 894 592 953 par
615 880 654 938 sit
676 880 714 938 ab
736 876 794 938 illis
818 885 885 938 orta
908 895 979 940 esse
1002 898 1082 958 quae
1105 900 1175 960 pro·

10 960 25 1055 ’,ι
66 965 235 1045 ponuntur,
269 963 326 1025 sed
349 966 450 1039 potius
473 964 600 1039 abipso
624 963 759 1037 Christo,
790 967 840 1039 qui
863 981 916 1040 per
939 967 1175 1032 condescensio·

66 1068 135 1115 uam
164 1052 195 1112 in
220 1052 297 1127 ipsis
320 1049 462 1126 loquitur.
519 1050 584 1128 Ego
607 1051 724 1111 interim
749 1052 816 1125 quis
839 1067 923 1122 sum,
958 1054 1008 1128 qui
1029 1072 1082 1115 ore
1106 1073 1174 1119 meo

13 1192 17 1199 .
64 1152 212 1216 usurpem
241 1135 399 1199 dominum
428 1136 549 1213 lesum,
586 1143 655 1197 curn
686 1137 816 1198 necdum
840 1138 976 1214 spirituum
1001 1142 1174 1205 sanctifica·

10 1208 41 1265 *⁸
66 1224 157 1287 tionis
186 1216 382 1300 acceperim?
415 1222 567 1298 quomodo
597 1239 654 1300 ego
684 1223 810 1298 eloquar
839 1224 955 1284 domini·
975 1227 1099 1289 virtutes
1122 1232 1174 1306 qui

10 1294 190 1391 Fllnguae
212 1324 281 1371 sum
301 1308 481 1387 impeditae,
513 1310 563 1384 qui
585 1318 717 1370 mentem
741 1312 833 1371 rebus
853 1313 1095 1388 corruptibilibus
1117 1317 1173 1377 im-

10 1428 38 1477 ,-
65 1411 197 1458 rnersom
219 1394 318 1474 gerot
374 1395 531 1469 Quomodo
554 1413 629 1474 ego,
662 1398 712 1470 qui
736 1404 837 1458 routus
861 1413 945 1473 sum,
974 1397 1083 1462 laudes
1106 1404 1173 1465 eius

10 1502 36 1571 ⁵
64 1480 1196 1635 tttlltntttttiett,“attitulatur-llitltt‘l‘

10 1624 39 1793 ξ’
64 1660 126 1717 tom
147 1609 232 1716 illam
255 1670 359 1715 vocem
383 1585 618 1731 degpraedicem‘l
650 1672 708 1732 ego
732 1587 1090 1731 utquirundrumpzrsissrlcaliu
1120 1592 1173 1738 {kald

63 1740 289 1803 tamdiuvictus
306 1737 556 1806 sumaruundot
580 1743 639 1801 imo
662 1741 761 1817 potius
785 1743 899 1804 mundo
921 1745 1059 1805 inveniar
1080 1746 1171 1822 plane

10 1838 34 1855 “·
63 1827 259 1903 conciliatum
297 1829 329 1887 in
361 1842 408 1886 rne
438 1828 518 1886 enirn
547 1826 621 1886 nibil
642 1826 725 1888 aliud
748 1828 934 1904 deprehendi
956 1836 1056 1906 potest
1078 1847 1170 1908 quam

62 1915 143 1993 iugis
166 1912 205 1973 ud
222 1917 381 1974 materiam
401 1916 431 1974 et
449 1918 590 1973 naturam
611 1913 627 1945 *
638 1915 810 1990 propensio.
858 1914 918 1976 Erit
936 1916 1066 1992 denique
1086 1934 1172 1979 sum·

10 1944 132 2087 {mae
160 1998 326 2070 audaciae,
363 2000 388 2058 si
417 2001 499 2060 viros
529 2007 654 2061 sanctos
687 2017 745 2078 ego
777 2003 914 2078 impurus
943 2004 1106 2081 attingam,
1144 2008 1169 2064 si

15 2090 20 2095 '
38 2150 43 2157 ,
63 2085 283 2147 mundissimos
314 2084 489 2146 immundus
519 2103 577 2165 ego
599 2089 812 2147 contaminem.
866 2088 1056 2164 Quapropter
1077 2091 1169 2151 iussis

10 2110 36 2255 ,Ρ
63 2173 123 2235 tuis
153 2173 277 2235 omuino
307 2173 512 2250 denegassem
543 2174 741 2247 obsequium,
773 2176 949 2235 temeritatis
979 2178 1094 2237 veritus
1121 2194 1170 2238 re-

10 2258 22 2339 ll
62 2259 316 2335 prehensionem,
353 2259 378 2318 si
406 2275 467 2319 uon
496 2261 595 2337 magis
625 2259 850 2320 abhorruissem
880 2264 918 2323 ab
947 2262 1170 2326 inobedientiae

10 2350 29 2421 p·
60 2343 208 2423 periculo.
254 2344 286 2406 ln
302 2345 403 2405 medio
420 2344 531 2406 horum
553 2346 682 2406 duorum
705 2348 889 2408 constitutus
912 2355 983 2424 opto
1005 2351 1107 2425 potius
1125 2353 1170 2410 vt-

10 2430 126 2625 kdert
154 2430 335 2493 temerarius
364 2432 436 2511 (ista
465 2432 544 2492 enim
566 2449 638 2508 pars
661 2432 838 2508 placabilior
861 2435 920 2510 est)
950 2449 1042 2509 quam
1064 2437 1170 2498 inobe-
1234 2435 1235 2438 ’

60 2518 161 2593 diana,
182 2518 271 2579 culus
289 2516 398 2594 culpae
418 2518 539 2579 veniam
557 2519 658 2579 minus
676 2534 787 2581 censeo
804 2521 1030 2596 impetrabilem.
1065 2520 1169 2585 iratus

10 2634 27 2683 ,.
60 2604 154 2685 igitur
174 2610 351 2667 sanctorum
374 2604 506 2665 omnium
531 2605 757 2682 benevolentia,
780 2612 844 2666 tum
866 2613 1036 2669 vestrarum
1058 2611 1171 2671 oratio·

10 2750 13 2759 ,
61 2707 135 2753 num
154 2688 321 2764 adiutorio,
355 2691 394 2751 de
416 2706 601 2768 unoquoque
625 2692 757 2768 capitulo
780 2708 871 2768 quam
895 2695 957 2754 lieri
979 2700 1079 2770 potest
1103 2698 1171 2756 bre·

10 2764 26 2839 »⁸
60 2777 140 2839 vilar
164 2775 374 2855 respondebo,
404 2777 523 2840 Christo
554 2780 694 2854 auspice,
729 2780 779 2854 qui
807 2779 882 2841 deus
913 2797 1046 2858 magnus
1069 2788 1117 2844 est
1139 2788 1171 2842 et

10 2884 15 2911 ι
60 2867 201 2927 serrator
223 2870 343 2935 noster,
374 2864 484 2941 quique
507 2871 537 2925 et
559 2880 667 2941 sapere
689 2867 737 2941 pie
761 2871 791 2926 et
813 2866 893 2943 loqui
918 2871 1089 2943 opportune
1110 2868 1170 2930 lar·

10 2976 25 3007 r
60 2950 169 3029 gluur.
222 2949 316 3011 Nobis
346 2965 421 3011 sanc
450 2967 518 3011 cum
541 2967 579 3012 eo
601 2953 748 3030 magistro
771 2969 820 3013 res
844 2955 963 3029 estqui
987 2955 1078 3015 etiam
1100 2971 1170 3030 par-

60 3036 142 3098 vulls
162 3052 275 3116 magna
297 3035 411 3097 donare
433 3042 542 3113 potest.
600 3035 706 3098 Ordior
727 3039 818 3116 igitur
841 3057 860 3100 a
882 3040 1072 3100 divinissimo
1096 3038 1169 3102 Gre-

60 3124 163 3202 gorto,
185 3124 258 3185 'uia
280 3122 368 3184 nobis
392 3129 528 3200 ternpore
551 3125 746 3200 propinquior
770 3142 840 3186 esse
862 3127 1063 3187 existimatur.

482 3311 753 3319 -υ-ψ-..ι--ψ-

10 3484 17 3519 ,-
59 3426 214 3507 &umus
234 3425 431 3530 Gregorius
454 3429 492 3503 iu
506 3431 635 3528 ¹prima
649 3427 823 3504 Oratione
845 3429 891 3503 de
912 3426 1024 3519 Filio,
1060 3426 1167 3520 ,arro-

108 3533 207 3608 eiroa
230 3533 352 3607 unitas
373 3532 593 3632 aprincipio
615 3533 654 3607 in
675 3532 863 3606 binarium
885 3540 984 3605 mota
1007 3532 1046 3604 in
1065 3533 1167 3607 trini·

107 3643 185 3711 tate
199 3635 388 3711 consistit!
433 3633 481 3710 Et
496 3637 631 3711 iterum
646 3636 746 3711 idem
761 3635 800 3709 in
818 3635 979 3710 secunda
994 3632 1169 3711 Oratione

129 3886 148 3923 ¹⁸
171 3890 258 3943 Minas
280 3890 348 3943 benc
372 3891 453 3955 hdeo,
487 3907 535 3942 uec
561 3894 625 3959 satis
648 3897 735 3951 recte,
770 3890 896 3940 convertit
920 3888 1024 3941 Galeus.
1075 3890 1169 3941 Verto:

59 3959 116 4023 uro
135 3959 214 4013 modo
231 3959 312 4021 mihi,
341 3960 385 4023 qui
403 3960 460 4026 ipae
479 3960 595 4011 devictus
613 3975 670 4011 sum
689 3959 793 4019 seculo,
816 3958 920 4024 patefiet
939 3958 1045 4021 Sermo,
1071 3958 1106 4010 ad
1126 3958 1169 4009 de·

58 4029 215 4081 immodum
233 4029 366 4090 coculam,
385 4043 435 4079 noo
453 4045 514 4081 vero
533 4031 565 4080 ad
584 4029 760 4096 apparendum
779 4026 803 4077 in
823 4028 910 4079 seculo
929 4034 1020 4087 natus,
1040 4029 1168 4092 siquidem

10 4092 13 4111 '
58 4112 76 4149 a
95 4097 269 4166 dispositione
287 4100 313 4149 iu
331 4099 465 4150 materiam
484 4113 615 4166 propensa
633 4099 732 4167 percipi
749 4096 899 4149 naturaliter
917 4096 1025 4160 nequit?
