<?xml version="1.0" encoding="UTF-8"?>
<!DOCTYPE html PUBLIC "-//W3C//DTD XHTML 1.0 Transitional//EN"
    "http://www.w3.org/TR/xhtml1/DTD/xhtml1-transitional.dtd">
<html xmlns="http://www.w3.org/1999/xhtml" xml:lang="en" lang="en">
 <head>
  <title>
</title>
<meta http-equiv="Content-Type" content="text/html;charset=utf-8" />
  <meta name='ocr-system' content='tesseract 3.04.00' />
  <meta name='ocr-capabilities' content='ocr_page ocr_carea ocr_par ocr_line ocrx_word'/>
</head>
<body>
  <div class='ocr_page' id='page_1' title='image "./sanctipatrisnos00maxigoog_0091.png"; bbox 0 0 2752 4778; ppageno 0'>
   <div class='ocr_carea' id='block_1_1' title="bbox 228 151 275 227">
    <p class='ocr_par' dir='ltr' id='par_1_1' title="bbox 228 151 275 227">
     <span class='ocr_line' id='line_1_1' title="bbox 228 151 275 227; baseline -0.064 0"><span class='ocrx_word' id='word_1_1' title='bbox 228 151 275 227; x_wconf 74' lang='lat' dir='ltr'><strong><em>5ss</em></strong></span> 
     </span>
    </p>
   </div>
   <div class='ocr_carea' id='block_1_2' title="bbox 69 329 1367 4126">
    <p class='ocr_par' dir='ltr' id='par_1_2' title="bbox 69 329 1367 4124">
     <span class='ocr_line' id='line_1_2' title="bbox 228 329 1365 443; baseline -0.007 -40"><span class='ocrx_word' id='word_1_2' title='bbox 228 336 336 420; x_wconf 89' lang='grc' dir='ltr'><strong><em>λόγον.</em></strong></span> <span class='ocrx_word' id='word_1_3' title='bbox 377 332 535 443; x_wconf 75' lang='grc' dir='ltr'><strong><em>’Λμέλει</em></strong></span> <span class='ocrx_word' id='word_1_4' title='bbox 528 359 593 409; x_wconf 85' lang='grc' dir='ltr'><strong><em>τοι,</em></strong></span> <span class='ocrx_word' id='word_1_5' title='bbox 619 338 672 397; x_wconf 79' lang='grc' dir='ltr'><strong><em>καὶ</em></strong></span> <span class='ocrx_word' id='word_1_6' title='bbox 695 333 723 398; x_wconf 81' lang='grc' dir='ltr'><strong><em>εἰ</em></strong></span> <span class='ocrx_word' id='word_1_7' title='bbox 746 330 812 398; x_wconf 75' lang='grc' dir='ltr'><strong><em>κατ’</em></strong></span> <span class='ocrx_word' id='word_1_8' title='bbox 834 329 931 398; x_wconf 85' lang='grc' dir='ltr'><strong><em>αῦτόν</em></strong></span> <span class='ocrx_word' id='word_1_9' title='bbox 953 334 1164 418; x_wconf 85' lang='grc' dir='ltr'><strong><em>κινηθείη,</em></strong></span> <span class='ocrx_word' id='word_1_10' title='bbox 1150 359 1184 399; x_wconf 87' lang='grc' dir='ltr'><strong><em>εν</em></strong></span> <span class='ocrx_word' id='word_1_11' title='bbox 1207 356 1251 421; x_wconf 82' lang='grc' dir='ltr'><strong><em>τρι</em></strong></span> <span class='ocrx_word' id='word_1_12' title='bbox 1237 336 1365 418; x_wconf 72' lang='grc' dir='ltr'><strong><em>θἐιρ</em></strong></span> 
     </span>
     <span class='ocr_line' id='line_1_3' title="bbox 227 395 1367 532; baseline -0.007 -43"><span class='ocrx_word' id='word_1_13' title='bbox 227 422 408 506; x_wconf 89' lang='grc' dir='ltr'><strong><em>γενήσεται,</em></strong></span> <span class='ocrx_word' id='word_1_14' title='bbox 447 421 479 532; x_wconf 75' lang='grc' dir='ltr'><strong><em>ἐγ</em></strong></span> <span class='ocrx_word' id='word_1_15' title='bbox 509 413 554 507; x_wconf 85' lang='grc' dir='ltr'><strong><em>ιβ</em></strong></span> <span class='ocrx_word' id='word_1_16' title='bbox 563 415 581 484; x_wconf 87' lang='lat'><strong><em>6</em></strong></span> <span class='ocrx_word' id='word_1_17' title='bbox 610 424 667 484; x_wconf 89' lang='grc' dir='ltr'><strong><em>τοῦ</em></strong></span> <span class='ocrx_word' id='word_1_18' title='bbox 697 412 847 484; x_wconf 66' lang='grc' dir='ltr'><strong><em>εἶναι’</em></strong></span> <span class='ocrx_word' id='word_1_19' title='bbox 808 423 906 484; x_wconf 90' lang='grc' dir='ltr'><strong><em>αυτοῦ</em></strong></span> <span class='ocrx_word' id='word_1_20' title='bbox 933 419 1030 529; x_wconf 98' lang='grc' dir='ltr'><strong><em>λόγος</em></strong></span> <span class='ocrx_word' id='word_1_21' title='bbox 1057 425 1285 532; x_wconf 56' lang='grc' dir='ltr'><strong><em>ιτροένεστιν,</em></strong></span> <span class='ocrx_word' id='word_1_22' title='bbox 1282 395 1367 493; x_wconf 70' lang='lat'><strong><em>66</em></strong></span> 
     </span>
     <span class='ocr_line' id='line_1_4' title="bbox 228 501 1367 615; baseline -0.005 -41"><span class='ocrx_word' id='word_1_23' title='bbox 228 507 309 615; x_wconf 67' lang='grc' dir='ltr'><strong><em>ἀρχή</em></strong></span> <span class='ocrx_word' id='word_1_24' title='bbox 344 512 397 571; x_wconf 84' lang='grc' dir='ltr'><strong><em>καὶ</em></strong></span> <span class='ocrx_word' id='word_1_25' title='bbox 431 509 535 582; x_wconf 79' lang='grc' dir='ltr'><strong><em>αἰτία,</em></strong></span> <span class='ocrx_word' id='word_1_26' title='bbox 571 501 629 571; x_wconf 86' lang='grc' dir='ltr'><strong><em>κάν</em></strong></span> <span class='ocrx_word' id='word_1_27' title='bbox 661 503 795 587; x_wconf 83' lang='grc' dir='ltr'><strong><em>μηδενός</em></strong></span> <span class='ocrx_word' id='word_1_28' title='bbox 824 503 924 571; x_wconf 85' lang='grc' dir='ltr'><strong><em>άλλου</em></strong></span> <span class='ocrx_word' id='word_1_29' title='bbox 951 504 1013 613; x_wconf 83' lang='grc' dir='ltr'><strong><em>πρό</em></strong></span> <span class='ocrx_word' id='word_1_30' title='bbox 1044 511 1098 612; x_wconf 81' lang='grc' dir='ltr'><strong><em>τής</em></strong></span> <span class='ocrx_word' id='word_1_31' title='bbox 1128 507 1216 582; x_wconf 77' lang='grc' dir='ltr'><strong><em>ἰδίας</em></strong></span> <span class='ocrx_word' id='word_1_32' title='bbox 1243 501 1367 613; x_wconf 73' lang='grc' dir='ltr'><strong><em>ἀρχήςρ</em></strong></span> 
     </span>
     <span class='ocr_line' id='line_1_5' title="bbox 229 584 1358 701; baseline -0.006 -39"><span class='ocrx_word' id='word_1_33' title='bbox 229 593 308 662; x_wconf 83' lang='grc' dir='ltr'><strong><em>κατὰ</em></strong></span> <span class='ocrx_word' id='word_1_34' title='bbox 331 593 439 658; x_wconf 93' lang='grc' dir='ltr'><strong><em>πόθον</em></strong></span> <span class='ocrx_word' id='word_1_35' title='bbox 462 593 676 701; x_wconf 74' lang='grc' dir='ltr'><strong><em>ἐπιλαβέσθαι</em></strong></span> <span class='ocrx_word' id='word_1_36' title='bbox 699 589 850 669; x_wconf 91' lang='grc' dir='ltr'><strong><em>θελήσαι,</em></strong></span> <span class='ocrx_word' id='word_1_37' title='bbox 884 588 942 656; x_wconf 85' lang='grc' dir='ltr'><strong><em>οῦκ</em></strong></span> <span class='ocrx_word' id='word_1_38' title='bbox 962 584 1114 680; x_wconf 75' lang='grc' dir='ltr'><strong><em>ἀπορβέει</em></strong></span> <span class='ocrx_word' id='word_1_39' title='bbox 1135 595 1236 664; x_wconf 88' lang='grc' dir='ltr'><strong><em>θεοῦ,</em></strong></span> <span class='ocrx_word' id='word_1_40' title='bbox 1257 587 1323 656; x_wconf 76' lang='grc' dir='ltr'><strong><em>ἀλλά</em></strong></span> <span class='ocrx_word' id='word_1_41' title='bbox 1346 607 1358 665; x_wconf 64' lang='grc' dir='ltr'><strong><em>,τ</em></strong></span> 
     </span>
     <span class='ocr_line' id='line_1_6' title="bbox 230 674 1360 788; baseline -0.005 -43"><span class='ocrx_word' id='word_1_42' title='bbox 230 684 353 786; x_wconf 77' lang='grc' dir='ltr'><strong><em>μβλλον</em></strong></span> <span class='ocrx_word' id='word_1_43' title='bbox 375 683 412 769; x_wconf 76' lang='grc' dir='ltr'><strong><em>τῇ</em></strong></span> <span class='ocrx_word' id='word_1_44' title='bbox 432 678 514 763; x_wconf 79' lang='grc' dir='ltr'><strong><em>πρὸς</em></strong></span> <span class='ocrx_word' id='word_1_45' title='bbox 536 674 632 742; x_wconf 86' lang='grc' dir='ltr'><strong><em>αῦτὸν</em></strong></span> <span class='ocrx_word' id='word_1_46' title='bbox 654 674 804 742; x_wconf 74' lang='grc' dir='ltr'><strong><em>ἀνατάσει</em></strong></span> <span class='ocrx_word' id='word_1_47' title='bbox 827 675 907 753; x_wconf 80' lang='grc' dir='ltr'><strong><em>θεὸς</em></strong></span> <span class='ocrx_word' id='word_1_48' title='bbox 926 683 1045 759; x_wconf 89' lang='grc' dir='ltr'><strong><em>γίνεται</em></strong></span> <span class='ocrx_word' id='word_1_49' title='bbox 1064 685 1119 744; x_wconf 78' lang='grc' dir='ltr'><strong><em>καὶ</em></strong></span> <span class='ocrx_word' id='word_1_50' title='bbox 1121 688 1241 788; x_wconf 80' lang='grc' dir='ltr'><strong><em>μοῖρα</em></strong></span> <span class='ocrx_word' id='word_1_51' title='bbox 1257 677 1323 742; x_wconf 85' lang='grc' dir='ltr'><strong><em>θεοῦ</em></strong></span> <span class='ocrx_word' id='word_1_52' title='bbox 1347 680 1360 734; x_wconf 73' lang='lat'><strong><em>6</em></strong></span> 
     </span>
     <span class='ocr_line' id='line_1_7' title="bbox 231 760 1367 887; baseline -0.004 -55"><span class='ocrx_word' id='word_1_53' title='bbox 231 768 353 872; x_wconf 83' lang='grc' dir='ltr'><strong><em>λέγεται</em></strong></span> <span class='ocrx_word' id='word_1_54' title='bbox 384 767 429 850; x_wconf 80' lang='grc' dir='ltr'><strong><em>ταβ</em></strong></span> <span class='ocrx_word' id='word_1_55' title='bbox 454 767 598 848; x_wconf 82' lang='grc' dir='ltr'><strong><em>μετέχειν</em></strong></span> <span class='ocrx_word' id='word_1_56' title='bbox 618 762 837 873; x_wconf 71' lang='grc' dir='ltr'><strong><em>προςηκόριως</em></strong></span> <span class='ocrx_word' id='word_1_57' title='bbox 859 767 956 838; x_wconf 84' lang='grc' dir='ltr'><strong><em>θεοῦ,</em></strong></span> <span class='ocrx_word' id='word_1_58' title='bbox 991 760 1033 868; x_wconf 78' lang='grc' dir='ltr'><strong><em>ιβς</em></strong></span> <span class='ocrx_word' id='word_1_59' title='bbox 1053 763 1133 831; x_wconf 86' lang='grc' dir='ltr'><strong><em>κατά</em></strong></span> <span class='ocrx_word' id='word_1_60' title='bbox 1158 763 1257 887; x_wconf 79' lang='grc' dir='ltr'><strong><em>φύσιν</em></strong></span> <span class='ocrx_word' id='word_1_61' title='bbox 1276 786 1342 837; x_wconf 70' lang='grc' dir='ltr'><strong><em>σα,</em></strong></span> <span class='ocrx_word' id='word_1_62' title='bbox 1360 782 1367 791; x_wconf 85' lang='grc'><em>·</em></span> 
     </span>
     <span class='ocr_line' id='line_1_8' title="bbox 232 841 1322 961; baseline -0.005 -43"><span class='ocrx_word' id='word_1_63' title='bbox 232 855 300 961; x_wconf 66' lang='grc' dir='ltr'><strong><em>βοῦς</em></strong></span> <span class='ocrx_word' id='word_1_64' title='bbox 317 876 348 916; x_wconf 88' lang='grc' dir='ltr'><strong><em>τε</em></strong></span> <span class='ocrx_word' id='word_1_65' title='bbox 368 857 420 915; x_wconf 83' lang='grc' dir='ltr'><strong><em>καὶ</em></strong></span> <span class='ocrx_word' id='word_1_66' title='bbox 440 852 669 959; x_wconf 75' lang='grc' dir='ltr'><strong><em>λελογισμένως</em></strong></span> <span class='ocrx_word' id='word_1_67' title='bbox 687 846 726 912; x_wconf 82' lang='grc' dir='ltr'><strong><em>δι’</em></strong></span> <span class='ocrx_word' id='word_1_68' title='bbox 744 841 922 960; x_wconf 87' lang='grc' dir='ltr'><strong><em>εῦπρεποῦς</em></strong></span> <span class='ocrx_word' id='word_1_69' title='bbox 937 849 1088 930; x_wconf 86' lang='grc' dir='ltr'><strong><em>κινήσεως</em></strong></span> <span class='ocrx_word' id='word_1_70' title='bbox 1107 853 1162 930; x_wconf 81' lang='grc' dir='ltr'><strong><em>τῆς</em></strong></span> <span class='ocrx_word' id='word_1_71' title='bbox 1182 850 1322 921; x_wconf 60' lang='lat'>”0666</span> 
     </span>
     <span class='ocr_line' id='line_1_9' title="bbox 233 933 1320 1044; baseline -0.006 -41"><span class='ocrx_word' id='word_1_72' title='bbox 233 934 502 1020; x_wconf 74' lang='grc' dir='ltr'><strong><em>ἐπιλαβόμενος</em></strong></span> <span class='ocrx_word' id='word_1_73' title='bbox 484 941 593 1044; x_wconf 78' lang='grc' dir='ltr'><strong><em>αρχῆς</em></strong></span> <span class='ocrx_word' id='word_1_74' title='bbox 602 942 655 1000; x_wconf 83' lang='grc' dir='ltr'><strong><em>καὶ</em></strong></span> <span class='ocrx_word' id='word_1_75' title='bbox 679 937 800 1017; x_wconf 77' lang='grc' dir='ltr'><strong><em>αἰτίας,</em></strong></span> <span class='ocrx_word' id='word_1_76' title='bbox 824 933 881 1000; x_wconf 83' lang='grc' dir='ltr'><strong><em>οῦκ</em></strong></span> <span class='ocrx_word' id='word_1_77' title='bbox 904 934 984 1042; x_wconf 63' lang='grc' dir='ltr'><strong><em>έχων</em></strong></span> <span class='ocrx_word' id='word_1_78' title='bbox 1002 935 1119 1002; x_wconf 85' lang='grc' dir='ltr'><strong><em>λοιπόν</em></strong></span> <span class='ocrx_word' id='word_1_79' title='bbox 1140 934 1265 1002; x_wconf 77' lang='grc' dir='ltr'><strong><em>ἄλλοθί</em></strong></span> <span class='ocrx_word' id='word_1_80' title='bbox 1277 950 1320 998; x_wconf 85' lang='grc' dir='ltr'><strong><em>ιιοι</em></strong></span> 
     </span>
     <span class='ocr_line' id='line_1_10' title="bbox 231 1015 1367 1132; baseline -0.004 -44"><span class='ocrx_word' id='word_1_81' title='bbox 231 1023 309 1110; x_wconf 80' lang='grc' dir='ltr'><strong><em>μετὰ</em></strong></span> <span class='ocrx_word' id='word_1_82' title='bbox 332 1022 386 1100; x_wconf 80' lang='grc' dir='ltr'><strong><em>τήν</em></strong></span> <span class='ocrx_word' id='word_1_83' title='bbox 409 1023 494 1086; x_wconf 82' lang='grc' dir='ltr'><strong><em>ἰδίαν</em></strong></span> <span class='ocrx_word' id='word_1_84' title='bbox 515 1047 615 1132; x_wconf 87' lang='grc' dir='ltr'><strong><em>αρχην</em></strong></span> <span class='ocrx_word' id='word_1_85' title='bbox 637 1028 690 1086; x_wconf 79' lang='grc' dir='ltr'><strong><em>καὶ</em></strong></span> <span class='ocrx_word' id='word_1_86' title='bbox 715 1020 766 1100; x_wconf 82' lang='grc' dir='ltr'><strong><em>τήν</em></strong></span> <span class='ocrx_word' id='word_1_87' title='bbox 789 1021 870 1104; x_wconf 83' lang='grc' dir='ltr'><strong><em>πρός</em></strong></span> <span class='ocrx_word' id='word_1_88' title='bbox 892 1020 944 1086; x_wconf 84' lang='grc' dir='ltr'><strong><em>τὸν</em></strong></span> <span class='ocrx_word' id='word_1_89' title='bbox 966 1015 1084 1087; x_wconf 58' lang='grc' dir='ltr'><strong><em>καθ’ῃ</em></strong></span> <span class='ocrx_word' id='word_1_90' title='bbox 1063 1049 1102 1088; x_wconf 92' lang='grc' dir='ltr'><strong><em>ον</em></strong></span> <span class='ocrx_word' id='word_1_91' title='bbox 1123 1022 1259 1100; x_wconf 81' lang='grc' dir='ltr'><strong><em>έκτίσθη</em></strong></span> <span class='ocrx_word' id='word_1_92' title='bbox 1278 1019 1321 1085; x_wconf 86' lang='grc' dir='ltr'><strong><em>λα’·</em></strong></span> <span class='ocrx_word' id='word_1_93' title='bbox 1353 1022 1367 1079; x_wconf 71' lang='lat' dir='ltr'><strong>i</strong></span> 
     </span>
     <span class='ocr_line' id='line_1_11' title="bbox 232 1105 1321 1217; baseline -0.002 -43"><span class='ocrx_word' id='word_1_94' title='bbox 232 1134 290 1194; x_wconf 90' lang='grc' dir='ltr'><strong><em>γον</em></strong></span> <span class='ocrx_word' id='word_1_95' title='bbox 311 1106 429 1173; x_wconf 85' lang='grc' dir='ltr'><strong><em>ἀνοδόν</em></strong></span> <span class='ocrx_word' id='word_1_96' title='bbox 451 1133 483 1172; x_wconf 90' lang='grc' dir='ltr'><strong><em>τε</em></strong></span> <span class='ocrx_word' id='word_1_97' title='bbox 505 1114 558 1173; x_wconf 81' lang='grc' dir='ltr'><strong><em>καὶ</em></strong></span> <span class='ocrx_word' id='word_1_98' title='bbox 581 1105 842 1174; x_wconf 73' lang='grc' dir='ltr'><strong><em>ἀποκατάστασιν</em></strong></span> <span class='ocrx_word' id='word_1_99' title='bbox 863 1106 1097 1190; x_wconf 72' lang='grc' dir='ltr'><strong><em>κινηθήναι,”</em></strong></span> <span class='ocrx_word' id='word_1_100' title='bbox 1079 1136 1096 1188; x_wconf 91' lang='grc' dir='ltr'><strong><em>η</em></strong></span> <span class='ocrx_word' id='word_1_101' title='bbox 1114 1134 1185 1185; x_wconf 87' lang='grc' dir='ltr'><strong><em>πως</em></strong></span> <span class='ocrx_word' id='word_1_102' title='bbox 1206 1109 1321 1217; x_wconf 79' lang='grc' dir='ltr'><strong><em>κινήθη·</em></strong></span> 
     </span>
     <span class='ocr_line' id='line_1_12' title="bbox 234 1189 1367 1300; baseline -0.007 -40"><span class='ocrx_word' id='word_1_103' title='bbox 234 1222 302 1277; x_wconf 92' lang='grc' dir='ltr'><strong><em>ναι,</em></strong></span> <span class='ocrx_word' id='word_1_104' title='bbox 331 1199 384 1272; x_wconf 87' lang='grc' dir='ltr'><strong><em>τής</em></strong></span> <span class='ocrx_word' id='word_1_105' title='bbox 406 1195 457 1258; x_wconf 77' lang='grc' dir='ltr'><strong><em>ἐπὶ</em></strong></span> <span class='ocrx_word' id='word_1_106' title='bbox 482 1199 524 1280; x_wconf 78' lang='lat'><strong><em>16</em></strong></span> <span class='ocrx_word' id='word_1_107' title='bbox 547 1199 627 1300; x_wconf 85' lang='grc' dir='ltr'><strong><em>θείῳ</em></strong></span> <span class='ocrx_word' id='word_1_108' title='bbox 651 1194 796 1272; x_wconf 87' lang='grc' dir='ltr'><strong><em>δηλονότι</em></strong></span> <span class='ocrx_word' id='word_1_109' title='bbox 821 1193 932 1300; x_wconf 88' lang='grc' dir='ltr'><strong><em>σκόπῳ</em></strong></span> <span class='ocrx_word' id='word_1_110' title='bbox 930 1194 1105 1298; x_wconf 88' lang='grc' dir='ltr'><strong><em>κινήσεως</em></strong></span> <span class='ocrx_word' id='word_1_111' title='bbox 1126 1190 1227 1260; x_wconf 86' lang='grc' dir='ltr'><strong><em>αῦτοῦ</em></strong></span> <span class='ocrx_word' id='word_1_112' title='bbox 1243 1189 1322 1257; x_wconf 85' lang='grc' dir='ltr'><strong><em>αάτδι</em></strong></span> <span class='ocrx_word' id='word_1_113' title='bbox 1348 1210 1367 1252; x_wconf 64' lang='lat' dir='ltr'>fl</span> 
     </span>
     <span class='ocr_line' id='line_1_13' title="bbox 70 1259 1367 1366; baseline 0 -24"><span class='ocrx_word' id='word_1_114' title='bbox 70 1305 155 1343; x_wconf 69' lang='grc' dir='ltr'><strong><em>ιαιαι</em></strong></span> <span class='ocrx_word' id='word_1_115' title='bbox 165 1303 225 1343; x_wconf 79' lang='grc' dir='ltr'><strong><em>αι</em></strong></span> <span class='ocrx_word' id='word_1_116' title='bbox 233 1285 332 1366; x_wconf 87' lang='grc' dir='ltr'><strong><em>πέρας</em></strong></span> <span class='ocrx_word' id='word_1_117' title='bbox 361 1259 557 1363; x_wconf 73' lang='grc' dir='ltr'><strong><em>λαβούσης</em></strong></span> <span class='ocrx_word' id='word_1_118' title='bbox 548 1279 603 1344; x_wconf 85' lang='grc' dir='ltr'><strong><em>τὰν</em></strong></span> <span class='ocrx_word' id='word_1_119' title='bbox 631 1285 725 1344; x_wconf 83' lang='grc' dir='ltr'><strong><em>θεῖον</em></strong></span> <span class='ocrx_word' id='word_1_120' title='bbox 754 1279 886 1345; x_wconf 86' lang='grc' dir='ltr'><strong><em>σκοπόι.</em></strong></span> <span class='ocrx_word' id='word_1_121' title='bbox 915 1259 986 1356; x_wconf 84' lang='grc' dir='ltr'><strong><em>Ὦς</em></strong></span> <span class='ocrx_word' id='word_1_122' title='bbox 1007 1285 1110 1359; x_wconf 85' lang='grc' dir='ltr'><strong><em>δηλοῖ</em></strong></span> <span class='ocrx_word' id='word_1_123' title='bbox 1127 1287 1182 1346; x_wconf 78' lang='grc' dir='ltr'><strong><em>καὶ</em></strong></span> <span class='ocrx_word' id='word_1_124' title='bbox 1207 1274 1268 1345; x_wconf 67' lang='grc' dir='ltr'><strong><em>δ”</em></strong></span> <span class='ocrx_word' id='word_1_125' title='bbox 1247 1298 1367 1363; x_wconf 83' lang='grc' dir='ltr'><strong><em>αγιις</em></strong></span> <span class='ocrx_word' id='word_1_126' title='bbox 1351 1299 1367 1322; x_wconf 79' lang='grc'><strong><em>·</em></strong></span> 
     </span>
     <span class='ocr_line' id='line_1_14' title="bbox 69 1308 1367 1477; baseline -0.004 -44"><span class='ocrx_word' id='word_1_127' title='bbox 69 1354 225 1456; x_wconf 55' lang='grc' dir='ltr'><strong><em>’Ὑβήωλξζ</em></strong></span> <span class='ocrx_word' id='word_1_128' title='bbox 235 1375 287 1433; x_wconf 80' lang='lat' dir='ltr'><strong><em>Ba</em></strong></span> <span class='ocrx_word' id='word_1_129' title='bbox 275 1308 468 1442; x_wconf 69' lang='grc' dir='ltr'><strong><em>ρσίλειος,</em></strong></span> <span class='ocrx_word' id='word_1_130' title='bbox 454 1392 487 1430; x_wconf 88' lang='grc' dir='ltr'><strong><em>εν</em></strong></span> <span class='ocrx_word' id='word_1_131' title='bbox 513 1370 549 1456; x_wconf 81' lang='grc' dir='ltr'><strong><em>τβ</em></strong></span> <span class='ocrx_word' id='word_1_132' title='bbox 577 1366 624 1440; x_wconf 82' lang='grc' dir='ltr'><strong><em>εἰς</em></strong></span> <span class='ocrx_word' id='word_1_133' title='bbox 645 1364 700 1429; x_wconf 89' lang='grc' dir='ltr'><strong><em>τόν</em></strong></span> <span class='ocrx_word' id='word_1_134' title='bbox 722 1367 815 1448; x_wconf 79' lang='grc' dir='ltr'><strong><em>ἅγιον</em></strong></span> <span class='ocrx_word' id='word_1_135' title='bbox 837 1365 1003 1475; x_wconf 76' lang='grc' dir='ltr'><strong><em>προφήτην</em></strong></span> <span class='ocrx_word' id='word_1_136' title='bbox 1018 1363 1192 1432; x_wconf 79' lang='grc' dir='ltr'><strong><em>Ἡσαΐαν</em></strong></span> <span class='ocrx_word' id='word_1_137' title='bbox 1172 1368 1320 1477; x_wconf 73' lang='grc' dir='ltr'><strong><em>ερμηνείη</em></strong></span> <span class='ocrx_word' id='word_1_138' title='bbox 1349 1388 1367 1447; x_wconf 75' lang='grc' dir='ltr'><strong><em>γε</em></strong></span> 
     </span>
     <span class='ocr_line' id='line_1_15' title="bbox 70 1421 1367 1560; baseline -0.002 -41.998"><span class='ocrx_word' id='word_1_139' title='bbox 70 1421 98 1549; x_wconf 63' lang='lat'><strong><em>6·</em></strong></span> <span class='ocrx_word' id='word_1_140' title='bbox 97 1419 224 1548; x_wconf 54' lang='grc' dir='ltr'><strong><em>χ’δχηξβῑ</em></strong></span> <span class='ocrx_word' id='word_1_141' title='bbox 235 1459 333 1560; x_wconf 85' lang='grc' dir='ltr'><strong><em>λέγων</em></strong></span> <span class='ocrx_word' id='word_1_142' title='bbox 355 1453 462 1526; x_wconf 83' lang='grc' dir='ltr'><strong><em>οῦτως.</em></strong></span> <span class='ocrx_word' id='word_1_143' title='bbox 507 1434 682 1559; x_wconf 66' lang='grc' dir='ltr'><strong><em>,Σάββατα</em></strong></span> <span class='ocrx_word' id='word_1_144' title='bbox 706 1455 739 1516; x_wconf 81' lang='grc' dir='ltr'><strong><em>δέ</em></strong></span> <span class='ocrx_word' id='word_1_145' title='bbox 759 1456 765 1531; x_wconf 83' lang='grc' dir='ltr'>Ι</span> <span class='ocrx_word' id='word_1_146' title='bbox 784 1449 927 1532; x_wconf 71' lang='grc' dir='ltr'><strong><em>αληθηε</em></strong></span> <span class='ocrx_word' id='word_1_147' title='bbox 911 1480 928 1531; x_wconf 91' lang='grc' dir='ltr'><strong><em>η</em></strong></span> <span class='ocrx_word' id='word_1_148' title='bbox 952 1449 1066 1518; x_wconf 91' lang='grc' dir='ltr'><strong><em>ἀποκει</em></strong></span> <span class='ocrx_word' id='word_1_149' title='bbox 1092 1456 1144 1533; x_wconf 86' lang='grc' dir='ltr'><strong><em>ένη</em></strong></span> <span class='ocrx_word' id='word_1_150' title='bbox 1162 1449 1367 1525; x_wconf 65' lang='grc' dir='ltr'><strong><em>ἀνάπαυσιςλ·</em></strong></span> 
     </span>
     <span class='ocr_line' id='line_1_16' title="bbox 235 1530 1367 1645; baseline -0.002 -41"><span class='ocrx_word' id='word_1_151' title='bbox 235 1544 280 1627; x_wconf 90' lang='grc' dir='ltr'><strong><em>τιβ</em></strong></span> <span class='ocrx_word' id='word_1_152' title='bbox 301 1543 369 1624; x_wconf 90' lang='grc' dir='ltr'><strong><em>λαιβ</em></strong></span> <span class='ocrx_word' id='word_1_153' title='bbox 392 1541 447 1602; x_wconf 86' lang='grc' dir='ltr'><strong><em>τοῦ</em></strong></span> <span class='ocrx_word' id='word_1_154' title='bbox 468 1541 606 1614; x_wconf 90' lang='grc' dir='ltr'><strong><em>θεοῦ,</em></strong></span> <span class='ocrx_word' id='word_1_155' title='bbox 593 1538 673 1620; x_wconf 87' lang='grc' dir='ltr'><strong><em>άπερ</em></strong></span> <span class='ocrx_word' id='word_1_156' title='bbox 696 1538 748 1600; x_wconf 80' lang='grc' dir='ltr'><strong><em>διιλ</em></strong></span> <span class='ocrx_word' id='word_1_157' title='bbox 772 1538 808 1602; x_wconf 88' lang='grc' dir='ltr'>τό</span> <span class='ocrx_word' id='word_1_158' title='bbox 832 1532 986 1617; x_wconf 83' lang='grc' dir='ltr'><strong><em>ἀληθῆ</em></strong></span> <span class='ocrx_word' id='word_1_159' title='bbox 955 1564 1036 1603; x_wconf 89' lang='grc' dir='ltr'><strong><em>ειναι</em></strong></span> <span class='ocrx_word' id='word_1_160' title='bbox 1055 1535 1239 1645; x_wconf 64' lang='grc' dir='ltr'><strong><em>ανέχεταιί</em></strong></span> <span class='ocrx_word' id='word_1_161' title='bbox 1222 1563 1240 1603; x_wconf 90' lang='grc' dir='ltr'><strong><em>ο</em></strong></span> <span class='ocrx_word' id='word_1_162' title='bbox 1260 1530 1367 1644; x_wconf 59' lang='grc' dir='ltr'><strong><em>θεόςζ</em></strong></span> 
     </span>
     <span class='ocr_line' id='line_1_17' title="bbox 235 1602 1367 1731; baseline -0.003 -40"><span class='ocrx_word' id='word_1_163' title='bbox 235 1632 288 1692; x_wconf 81' lang='grc' dir='ltr'><strong><em>καὶ</em></strong></span> <span class='ocrx_word' id='word_1_164' title='bbox 296 1602 430 1730; x_wconf 65' lang='grc' dir='ltr'><strong><em>εφθάνει</em></strong></span> <span class='ocrx_word' id='word_1_165' title='bbox 452 1648 486 1705; x_wconf 90' lang='grc' dir='ltr'><strong><em>γε</em></strong></span> <span class='ocrx_word' id='word_1_166' title='bbox 510 1620 556 1685; x_wconf 73' lang='grc' dir='ltr'><strong><em>ἐπ’</em></strong></span> <span class='ocrx_word' id='word_1_167' title='bbox 580 1623 681 1687; x_wconf 81' lang='grc' dir='ltr'><strong><em>έκεῖνο</em></strong></span> <span class='ocrx_word' id='word_1_168' title='bbox 706 1625 742 1686; x_wconf 85' lang='grc' dir='ltr'><strong><em>τοὶ</em></strong></span> <span class='ocrx_word' id='word_1_169' title='bbox 767 1623 910 1706; x_wconf 76' lang='grc' dir='ltr'><strong><em>σάββατα</em></strong></span> <span class='ocrx_word' id='word_1_170' title='bbox 934 1629 993 1702; x_wconf 79' lang='grc' dir='ltr'><strong><em>τῆς</em></strong></span> <span class='ocrx_word' id='word_1_171' title='bbox 1007 1621 1233 1731; x_wconf 76' lang='grc' dir='ltr'><strong><em>βναπαύσεως,</em></strong></span> <span class='ocrx_word' id='word_1_172' title='bbox 1264 1646 1317 1704; x_wconf 84' lang='grc' dir='ltr'><strong><em>ιτιιρ</em></strong></span> <span class='ocrx_word' id='word_1_173' title='bbox 1351 1642 1367 1691; x_wconf 72' lang='grc' dir='ltr'>Ε</span> 
     </span>
     <span class='ocr_line' id='line_1_18' title="bbox 234 1704 1323 1822; baseline -0.002 -46"><span class='ocrx_word' id='word_1_174' title='bbox 234 1704 261 1799; x_wconf 87' lang='lat'><strong><em>6</em></strong></span> <span class='ocrx_word' id='word_1_175' title='bbox 291 1706 308 1775; x_wconf 86' lang='lat'><strong><em>6</em></strong></span> <span class='ocrx_word' id='word_1_176' title='bbox 336 1709 458 1792; x_wconf 87' lang='grc' dir='ltr'><strong><em>κόσμος</em></strong></span> <span class='ocrx_word' id='word_1_177' title='bbox 487 1708 694 1811; x_wconf 82' lang='grc' dir='ltr'><strong><em>έσταυριόται,</em></strong></span> <span class='ocrx_word' id='word_1_178' title='bbox 730 1707 873 1786; x_wconf 83' lang='grc' dir='ltr'><strong><em>ἀποοτάς</em></strong></span> <span class='ocrx_word' id='word_1_179' title='bbox 901 1710 1062 1822; x_wconf 84' lang='grc' dir='ltr'><strong><em>δηλονότι</em></strong></span> <span class='ocrx_word' id='word_1_180' title='bbox 1077 1715 1140 1776; x_wconf 90' lang='grc' dir='ltr'><strong><em>τιῦν</em></strong></span> <span class='ocrx_word' id='word_1_181' title='bbox 1167 1713 1323 1794; x_wconf 76' lang='grc' dir='ltr'><strong><em>κοσμικόν,</em></strong></span> 
     </span>
     <span class='ocr_line' id='line_1_19' title="bbox 220 1793 1323 1906; baseline -0.003 -44"><span class='ocrx_word' id='word_1_182' title='bbox 220 1803 288 1884; x_wconf 15' lang='grc' dir='ltr'><strong><em>,καὶ</em></strong></span> <span class='ocrx_word' id='word_1_183' title='bbox 317 1795 369 1900; x_wconf 72' lang='lat'><strong><em>666</em></strong></span> <span class='ocrx_word' id='word_1_184' title='bbox 400 1793 455 1859; x_wconf 84' lang='grc' dir='ltr'><strong><em>τόν</em></strong></span> <span class='ocrx_word' id='word_1_185' title='bbox 485 1795 569 1858; x_wconf 83' lang='grc' dir='ltr'><strong><em>ἴδιον</em></strong></span> <span class='ocrx_word' id='word_1_186' title='bbox 598 1793 698 1860; x_wconf 86' lang='grc' dir='ltr'><strong><em>τόπον</em></strong></span> <span class='ocrx_word' id='word_1_187' title='bbox 727 1800 780 1874; x_wconf 77' lang='grc' dir='ltr'><strong><em>τῆς</em></strong></span> <span class='ocrx_word' id='word_1_188' title='bbox 806 1800 1015 1906; x_wconf 79' lang='grc' dir='ltr'><strong><em>πνευματικῆς</em></strong></span> <span class='ocrx_word' id='word_1_189' title='bbox 1042 1795 1252 1872; x_wconf 88' lang='grc' dir='ltr'><strong><em>ἀναπαύσεως</em></strong></span> <span class='ocrx_word' id='word_1_190' title='bbox 1279 1822 1323 1861; x_wconf 89' lang='grc' dir='ltr'><strong><em>κα-</em></strong></span> 
     </span>
     <span class='ocr_line' id='line_1_20' title="bbox 235 1872 1324 1991; baseline -0.004 -44"><span class='ocrx_word' id='word_1_191' title='bbox 235 1881 405 1960; x_wconf 86' lang='grc' dir='ltr'><strong><em>ταντήσας,</em></strong></span> <span class='ocrx_word' id='word_1_192' title='bbox 436 1880 468 1943; x_wconf 78' lang='grc' dir='ltr'><strong><em>ἒν</em></strong></span> <span class='ocrx_word' id='word_1_193' title='bbox 496 1872 523 1989; x_wconf 85' lang='lat'><strong><em>6</em></strong></span> <span class='ocrx_word' id='word_1_194' title='bbox 552 1877 568 1945; x_wconf 89' lang='lat'><strong><em>6</em></strong></span> <span class='ocrx_word' id='word_1_195' title='bbox 595 1881 764 1991; x_wconf 84' lang='grc' dir='ltr'><strong><em>γενόμενος</em></strong></span> <span class='ocrx_word' id='word_1_196' title='bbox 794 1881 848 1947; x_wconf 82' lang='grc' dir='ltr'><strong><em>οῦκ</em></strong></span> <span class='ocrx_word' id='word_1_197' title='bbox 879 1882 924 1948; x_wconf 80' lang='grc' dir='ltr'><strong><em>έτι</em></strong></span> <span class='ocrx_word' id='word_1_198' title='bbox 954 1883 1160 1963; x_wconf 88' lang='grc' dir='ltr'><strong><em>κινηθήσεται</em></strong></span> <span class='ocrx_word' id='word_1_199' title='bbox 1190 1879 1256 1948; x_wconf 83' lang='grc' dir='ltr'><strong><em>ἀπό</em></strong></span> <span class='ocrx_word' id='word_1_200' title='bbox 1281 1885 1324 1945; x_wconf 83' lang='grc' dir='ltr'><strong><em>τοῦ</em></strong></span> 
     </span>
     <span class='ocr_line' id='line_1_21' title="bbox 236 1964 1326 2078; baseline -0.003 -46"><span class='ocrx_word' id='word_1_201' title='bbox 236 1971 320 2033; x_wconf 81' lang='grc' dir='ltr'><strong><em>ἰδίου</em></strong></span> <span class='ocrx_word' id='word_1_202' title='bbox 355 1966 472 2046; x_wconf 91' lang='grc' dir='ltr'><strong><em>τόπου,</em></strong></span> <span class='ocrx_word' id='word_1_203' title='bbox 508 1964 639 2052; x_wconf 85' lang='grc' dir='ltr'><strong><em>ήσυχίας</em></strong></span> <span class='ocrx_word' id='word_1_204' title='bbox 674 1974 726 2030; x_wconf 80' lang='grc' dir='ltr'><strong><em>καὶ</em></strong></span> <span class='ocrx_word' id='word_1_205' title='bbox 760 1966 933 2078; x_wconf 83' lang='grc' dir='ltr'><strong><em>ἀταραξίας</em></strong></span> <span class='ocrx_word' id='word_1_206' title='bbox 960 1976 1034 2054; x_wconf 85' lang='grc' dir='ltr'><strong><em>περὶ</em></strong></span> <span class='ocrx_word' id='word_1_207' title='bbox 1063 1969 1117 2049; x_wconf 84' lang='grc' dir='ltr'><strong><em>την</em></strong></span> <span class='ocrx_word' id='word_1_208' title='bbox 1145 1968 1326 2034; x_wconf 85' lang='grc' dir='ltr'><strong><em>κατάστασιν</em></strong></span> 
     </span>
     <span class='ocr_line' id='line_1_22' title="bbox 236 2047 1326 2161; baseline 0.001 -43"><span class='ocrx_word' id='word_1_209' title='bbox 236 2049 398 2132; x_wconf 73' lang='grc' dir='ltr'><strong><em>ἐκείνην</em></strong></span> <span class='ocrx_word' id='word_1_210' title='bbox 383 2053 602 2158; x_wconf 87' lang='grc' dir='ltr'><strong><em>υπαρχούσης·</em></strong></span> <span class='ocrx_word' id='word_1_211' title='bbox 638 2052 763 2161; x_wconf 68' lang='grc' dir='ltr'><strong><em>πάντων</em></strong></span> <span class='ocrx_word' id='word_1_212' title='bbox 784 2047 853 2118; x_wconf 80' lang='grc' dir='ltr'><strong><em>οῦν</em></strong></span> <span class='ocrx_word' id='word_1_213' title='bbox 864 2054 963 2130; x_wconf 84' lang='grc' dir='ltr'><strong><em>τόπος</em></strong></span> <span class='ocrx_word' id='word_1_214' title='bbox 985 2060 1047 2161; x_wconf 78' lang='grc' dir='ltr'><strong><em>τβν</em></strong></span> <span class='ocrx_word' id='word_1_215' title='bbox 1069 2051 1326 2143; x_wconf 75' lang='grc' dir='ltr'><strong><em>ἀξιουμένωνῖ</em></strong></span> <span class='ocrx_word' id='word_1_216' title='bbox 1285 2077 1326 2132; x_wconf 85' lang='grc' dir='ltr'><strong><em>της</em></strong></span> 
     </span>
     <span class='ocr_line' id='line_1_23' title="bbox 235 2137 1328 2252; baseline -0.002 -47"><span class='ocrx_word' id='word_1_217' title='bbox 235 2137 380 2218; x_wconf 78' lang='grc' dir='ltr'><strong><em>τοιαύτης</em></strong></span> <span class='ocrx_word' id='word_1_218' title='bbox 406 2138 640 2248; x_wconf 88' lang='grc' dir='ltr'><strong><em>μακαριότητός</em></strong></span> <span class='ocrx_word' id='word_1_219' title='bbox 668 2138 754 2204; x_wconf 75' lang='grc' dir='ltr'><strong><em>ἐστιν</em></strong></span> <span class='ocrx_word' id='word_1_220' title='bbox 783 2137 800 2205; x_wconf 89' lang='lat'><strong><em>6</em></strong></span> <span class='ocrx_word' id='word_1_221' title='bbox 831 2140 924 2216; x_wconf 84' lang='grc' dir='ltr'><strong><em>θεός</em></strong></span> <span class='ocrx_word' id='word_1_222' title='bbox 937 2139 1014 2206; x_wconf 85' lang='grc' dir='ltr'><strong><em>κατά</em></strong></span> <span class='ocrx_word' id='word_1_223' title='bbox 1045 2141 1081 2207; x_wconf 82' lang='grc' dir='ltr'><strong><em>τὸ</em></strong></span> <span class='ocrx_word' id='word_1_224' title='bbox 1113 2144 1328 2252; x_wconf 85' lang='grc' dir='ltr'><strong><em>γεγραμμένοι,</em></strong></span> 
     </span>
     <span class='ocr_line' id='line_1_24' title="bbox 235 2223 1328 2335; baseline -0.005 -43"><span class='ocrx_word' id='word_1_225' title='bbox 235 2231 265 2291; x_wconf 90' lang='grc' dir='ltr'><strong><em>Γ</em></strong></span> <span class='ocrx_word' id='word_1_226' title='bbox 263 2251 333 2292; x_wconf 84' lang='grc' dir='ltr'><strong><em>ενοι</em></strong></span> <span class='ocrx_word' id='word_1_227' title='bbox 363 2252 421 2309; x_wconf 91' lang='grc' dir='ltr'><strong><em>μοι</em></strong></span> <span class='ocrx_word' id='word_1_228' title='bbox 444 2227 488 2300; x_wconf 84' lang='grc' dir='ltr'><strong><em>εἰς</em></strong></span> <span class='ocrx_word' id='word_1_229' title='bbox 510 2223 627 2290; x_wconf 65' lang='grc' dir='ltr'><strong><em>θεόνε</em></strong></span> <span class='ocrx_word' id='word_1_230' title='bbox 612 2224 850 2311; x_wconf 84' lang='grc' dir='ltr'><strong><em>υπερασπιστήν</em></strong></span> <span class='ocrx_word' id='word_1_231' title='bbox 872 2234 924 2292; x_wconf 84' lang='grc' dir='ltr'><strong><em>καὶ</em></strong></span> <span class='ocrx_word' id='word_1_232' title='bbox 948 2228 994 2303; x_wconf 84' lang='grc' dir='ltr'><strong><em>εἷς</em></strong></span> <span class='ocrx_word' id='word_1_233' title='bbox 1016 2228 1118 2292; x_wconf 85' lang='grc' dir='ltr'><strong><em>τόπον</em></strong></span> <span class='ocrx_word' id='word_1_234' title='bbox 1143 2224 1327 2335; x_wconf 85' lang='grc' dir='ltr'><strong><em>όχυρον</em></strong></span> <span class='ocrx_word' id='word_1_235' title='bbox 1283 2229 1328 2290; x_wconf 87' lang='grc' dir='ltr'><strong><em>τοῦ</em></strong></span> 
     </span>
     <span class='ocr_line' id='line_1_25' title="bbox 76 2304 1327 2425; baseline 0.002 -51.07"><span class='ocrx_word' id='word_1_236' title='bbox 76 2335 159 2377; x_wconf 66' lang='lat' dir='ltr'>m...</span> <span class='ocrx_word' id='word_1_237' title='bbox 170 2347 188 2384; x_wconf 73' lang='grc' dir='ltr'><strong><em>η</em></strong></span> <span class='ocrx_word' id='word_1_238' title='bbox 196 2329 228 2374; x_wconf 82' lang='grc' dir='ltr'><strong><em>ιο.</em></strong></span> <span class='ocrx_word' id='word_1_239' title='bbox 235 2317 340 2422; x_wconf 79' lang='grc' dir='ltr'><strong><em>σιβσαι</em></strong></span> <span class='ocrx_word' id='word_1_240' title='bbox 362 2338 411 2422; x_wconf 85' lang='grc' dir='ltr'><strong><em>με.</em></strong></span> <span class='ocrx_word' id='word_1_241' title='bbox 458 2309 577 2400; x_wconf 74' lang='lat'>[169³</span> <span class='ocrx_word' id='word_1_242' title='bbox 562 2338 586 2375; x_wconf 89' lang='grc' dir='ltr'><strong><em>ω</em></strong></span> <span class='ocrx_word' id='word_1_243' title='bbox 573 2304 743 2415; x_wconf 86' lang='grc' dir='ltr'><strong><em>βεβαίως</em></strong></span> <span class='ocrx_word' id='word_1_244' title='bbox 765 2312 890 2376; x_wconf 90' lang='grc' dir='ltr'><strong><em>πάντων</em></strong></span> <span class='ocrx_word' id='word_1_245' title='bbox 913 2314 946 2378; x_wconf 88' lang='grc' dir='ltr'><strong><em>οἱ</em></strong></span> <span class='ocrx_word' id='word_1_246' title='bbox 968 2314 1060 2398; x_wconf 89' lang='grc' dir='ltr'><strong><em>λόγοι</em></strong></span> <span class='ocrx_word' id='word_1_247' title='bbox 1083 2339 1245 2425; x_wconf 68' lang='grc' dir='ltr'><strong><em>πεπηγασι</em></strong></span> <span class='ocrx_word' id='word_1_248' title='bbox 1265 2307 1327 2379; x_wconf 80' lang='grc' dir='ltr'><strong><em>καθ’</em></strong></span> 
     </span>
     <span class='ocr_line' id='line_1_26' title="bbox 237 2394 1328 2509; baseline -0.002 -43"><span class='ocrx_word' id='word_1_249' title='bbox 237 2396 292 2475; x_wconf 87' lang='grc' dir='ltr'><strong><em>οῦς</em></strong></span> <span class='ocrx_word' id='word_1_250' title='bbox 320 2405 373 2464; x_wconf 83' lang='grc' dir='ltr'><strong><em>καὶ</em></strong></span> <span class='ocrx_word' id='word_1_251' title='bbox 397 2398 567 2509; x_wconf 80' lang='grc' dir='ltr'><strong><em>γινώσκειν</em></strong></span> <span class='ocrx_word' id='word_1_252' title='bbox 596 2395 634 2461; x_wconf 86' lang='grc' dir='ltr'><strong><em>τά</em></strong></span> <span class='ocrx_word' id='word_1_253' title='bbox 662 2394 764 2461; x_wconf 89' lang='grc' dir='ltr'><strong><em>πάντα</em></strong></span> <span class='ocrx_word' id='word_1_254' title='bbox 793 2405 869 2482; x_wconf 83' lang='grc' dir='ltr'><strong><em>πρὶν</em></strong></span> <span class='ocrx_word' id='word_1_255' title='bbox 896 2403 1048 2481; x_wconf 83' lang='grc' dir='ltr'><strong><em>γενέσεως</em></strong></span> <span class='ocrx_word' id='word_1_256' title='bbox 1077 2398 1180 2466; x_wconf 82' lang='grc' dir='ltr'><strong><em>αῦτῦν</em></strong></span> <span class='ocrx_word' id='word_1_257' title='bbox 1208 2403 1328 2484; x_wconf 85' lang='grc' dir='ltr'><strong><em>λέγεται,</em></strong></span> 
     </span>
     <span class='ocr_line' id='line_1_27' title="bbox 237 2479 1367 2597; baseline -0.004 -46"><span class='ocrx_word' id='word_1_258' title='bbox 237 2483 278 2561; x_wconf 81' lang='grc' dir='ltr'><strong><em>άις</em></strong></span> <span class='ocrx_word' id='word_1_259' title='bbox 307 2484 339 2548; x_wconf 81' lang='grc' dir='ltr'><strong><em>ἒν</em></strong></span> <span class='ocrx_word' id='word_1_260' title='bbox 369 2484 455 2571; x_wconf 84' lang='grc' dir='ltr'><strong><em>αῦτιβ</em></strong></span> <span class='ocrx_word' id='word_1_261' title='bbox 482 2490 536 2549; x_wconf 84' lang='grc' dir='ltr'><strong><em>καὶ</em></strong></span> <span class='ocrx_word' id='word_1_262' title='bbox 565 2481 652 2592; x_wconf 70' lang='grc' dir='ltr'><strong><em>παρ’</em></strong></span> <span class='ocrx_word' id='word_1_263' title='bbox 667 2479 751 2589; x_wconf 86' lang='grc' dir='ltr'><strong><em>αῦτιβ</em></strong></span> <span class='ocrx_word' id='word_1_264' title='bbox 780 2485 895 2593; x_wconf 71' lang='grc' dir='ltr'><strong><em>όντων,</em></strong></span> <span class='ocrx_word' id='word_1_265' title='bbox 934 2483 1016 2590; x_wconf 81' lang='grc' dir='ltr'><strong><em>αῦτβ</em></strong></span> <span class='ocrx_word' id='word_1_266' title='bbox 1034 2491 1083 2595; x_wconf 79' lang='grc' dir='ltr'><strong><em>τή</em></strong></span> <span class='ocrx_word' id='word_1_267' title='bbox 1114 2484 1315 2597; x_wconf 51' lang='lat'>‘³²66‘6‘..</span> <span class='ocrx_word' id='word_1_268' title='bbox 1278 2490 1328 2549; x_wconf 82' lang='grc' dir='ltr'><strong><em>τόν</em></strong></span> <span class='ocrx_word' id='word_1_269' title='bbox 1365 2568 1367 2577; x_wconf 37' lang='grc' dir='ltr'>Ι</span> 
     </span>
     <span class='ocr_line' id='line_1_28' title="bbox 236 2548 1367 2678; baseline 0 -43"><span class='ocrx_word' id='word_1_270' title='bbox 236 2570 373 2636; x_wconf 86' lang='grc' dir='ltr'><strong><em>πάντων.</em></strong></span> <span class='ocrx_word' id='word_1_271' title='bbox 422 2548 490 2678; x_wconf 65' lang='grc' dir='ltr'><strong><em>Κάν</em></strong></span> <span class='ocrx_word' id='word_1_272' title='bbox 519 2570 547 2635; x_wconf 85' lang='grc' dir='ltr'><strong><em>εί</em></strong></span> <span class='ocrx_word' id='word_1_273' title='bbox 575 2566 655 2632; x_wconf 85' lang='grc' dir='ltr'><strong><em>αύτά</em></strong></span> <span class='ocrx_word' id='word_1_274' title='bbox 685 2567 723 2632; x_wconf 83' lang='grc' dir='ltr'><strong><em>τά</em></strong></span> <span class='ocrx_word' id='word_1_275' title='bbox 751 2569 880 2652; x_wconf 86' lang='grc' dir='ltr'><strong><em>πάντα,</em></strong></span> <span class='ocrx_word' id='word_1_276' title='bbox 904 2571 943 2634; x_wconf 91' lang='grc' dir='ltr'><strong><em>τά</em></strong></span> <span class='ocrx_word' id='word_1_277' title='bbox 972 2598 1004 2636; x_wconf 89' lang='grc' dir='ltr'><strong><em>τε</em></strong></span> <span class='ocrx_word' id='word_1_278' title='bbox 1032 2567 1109 2636; x_wconf 81' lang='grc' dir='ltr'><strong><em>ὄντα</em></strong></span> <span class='ocrx_word' id='word_1_279' title='bbox 1130 2599 1184 2638; x_wconf 92' lang='grc' dir='ltr'><strong><em>και</em></strong></span> <span class='ocrx_word' id='word_1_280' title='bbox 1207 2599 1245 2636; x_wconf 87' lang='grc' dir='ltr'><strong><em>τα</em></strong></span> <span class='ocrx_word' id='word_1_281' title='bbox 1267 2567 1330 2638; x_wconf 77' lang='grc' dir='ltr'><strong><em>ἓσό·</em></strong></span> <span class='ocrx_word' id='word_1_282' title='bbox 1363 2608 1367 2651; x_wconf 71' lang='grc' dir='ltr'><strong><em>η</em></strong></span> 
     </span>
     <span class='ocr_line' id='line_1_29' title="bbox 235 2622 1329 2767; baseline -0.001 -46"><span class='ocrx_word' id='word_1_283' title='bbox 235 2682 331 2754; x_wconf 80' lang='grc' dir='ltr'><strong><em>μενα,</em></strong></span> <span class='ocrx_word' id='word_1_284' title='bbox 372 2652 431 2741; x_wconf 83' lang='grc' dir='ltr'><strong><em>οῦχ</em></strong></span> <span class='ocrx_word' id='word_1_285' title='bbox 461 2656 536 2766; x_wconf 80' lang='grc' dir='ltr'><strong><em>ἅμα</em></strong></span> <span class='ocrx_word' id='word_1_286' title='bbox 556 2665 623 2730; x_wconf 83' lang='grc' dir='ltr'><strong><em>τοῖς</em></strong></span> <span class='ocrx_word' id='word_1_287' title='bbox 651 2655 769 2719; x_wconf 80' lang='grc' dir='ltr'><strong><em>ἑαυτῶν</em></strong></span> <span class='ocrx_word' id='word_1_288' title='bbox 798 2622 970 2767; x_wconf 74' lang='grc' dir='ltr'><strong><em>λόγόις,“</em></strong></span> <span class='ocrx_word' id='word_1_289' title='bbox 952 2685 968 2735; x_wconf 90' lang='grc' dir='ltr'><strong><em>η</em></strong></span> <span class='ocrx_word' id='word_1_290' title='bbox 999 2663 1061 2744; x_wconf 91' lang='grc' dir='ltr'><strong><em>τιβ</em></strong></span> <span class='ocrx_word' id='word_1_291' title='bbox 1071 2655 1292 2742; x_wconf 74' lang='grc' dir='ltr'><strong><em>γνωσθῆναι</em></strong></span> <span class='ocrx_word' id='word_1_292' title='bbox 1278 2654 1329 2721; x_wconf 77' lang='grc' dir='ltr'><strong><em>υπὸ</em></strong></span> 
     </span>
     <span class='ocr_line' id='line_1_30' title="bbox 237 2735 1367 2850; baseline -0.002 -43"><span class='ocrx_word' id='word_1_293' title='bbox 237 2738 336 2822; x_wconf 84' lang='grc' dir='ltr'><strong><em>θεοῦ,</em></strong></span> <span class='ocrx_word' id='word_1_294' title='bbox 365 2743 411 2816; x_wconf 85' lang='grc' dir='ltr'><strong><em>εἰς</em></strong></span> <span class='ocrx_word' id='word_1_295' title='bbox 439 2740 474 2807; x_wconf 83' lang='grc' dir='ltr'><strong><em>τό</em></strong></span> <span class='ocrx_word' id='word_1_296' title='bbox 506 2735 587 2806; x_wconf 81' lang='grc' dir='ltr'><strong><em>εἶναι</em></strong></span> <span class='ocrx_word' id='word_1_297' title='bbox 616 2739 846 2826; x_wconf 89' lang='grc' dir='ltr'><strong><em>παρήχθησαν,</em></strong></span> <span class='ocrx_word' id='word_1_298' title='bbox 875 2739 988 2807; x_wconf 76' lang='grc' dir='ltr'><strong><em>ἀλλ’“</em></strong></span> <span class='ocrx_word' id='word_1_299' title='bbox 973 2768 1089 2810; x_wconf 86' lang='grc' dir='ltr'><strong><em>εκαστα</em></strong></span> <span class='ocrx_word' id='word_1_300' title='bbox 1112 2771 1155 2850; x_wconf 90' lang='grc' dir='ltr'><strong><em>τῳ</em></strong></span> <span class='ocrx_word' id='word_1_301' title='bbox 1140 2743 1331 2842; x_wconf 78' lang='grc' dir='ltr'><strong><em>ἐπιτηδείῳ</em></strong></span> <span class='ocrx_word' id='word_1_302' title='bbox 1364 2742 1367 2815; x_wconf 61' lang='lat' dir='ltr'>j</span> 
     </span>
     <span class='ocr_line' id='line_1_31' title="bbox 237 2825 1367 2940; baseline -0.002 -46"><span class='ocrx_word' id='word_1_303' title='bbox 237 2833 344 2935; x_wconf 80' lang='grc' dir='ltr'><strong><em>καιρῷ</em></strong></span> <span class='ocrx_word' id='word_1_304' title='bbox 374 2825 453 2891; x_wconf 81' lang='grc' dir='ltr'><strong><em>κατά</em></strong></span> <span class='ocrx_word' id='word_1_305' title='bbox 489 2825 542 2906; x_wconf 86' lang='grc' dir='ltr'><strong><em>τήν</em></strong></span> <span class='ocrx_word' id='word_1_306' title='bbox 576 2832 633 2892; x_wconf 90' lang='grc' dir='ltr'><strong><em>τοῦ</em></strong></span> <span class='ocrx_word' id='word_1_307' title='bbox 670 2831 863 2932; x_wconf 79' lang='grc' dir='ltr'><strong><em>δημιουργοῦ</em></strong></span> <span class='ocrx_word' id='word_1_308' title='bbox 898 2836 1018 2913; x_wconf 77' lang='grc' dir='ltr'><strong><em>σοφίαν</em></strong></span> <span class='ocrx_word' id='word_1_309' title='bbox 1047 2830 1234 2940; x_wconf 84' lang='grc' dir='ltr'><strong><em>πρεπόντως</em></strong></span> <span class='ocrx_word' id='word_1_310' title='bbox 1263 2825 1330 2896; x_wconf 80' lang='grc' dir='ltr'><strong><em>κατά</em></strong></span> <span class='ocrx_word' id='word_1_311' title='bbox 1365 2900 1367 2905; x_wconf 46' lang='grc'><strong><em>,</em></strong></span> 
     </span>
     <span class='ocr_line' id='line_1_32' title="bbox 221 2912 1332 3024; baseline -0.001 -44"><span class='ocrx_word' id='word_1_312' title='bbox 221 2913 310 2990; x_wconf 77' lang='grc' dir='ltr'><strong><em>τοῦς</em></strong></span> <span class='ocrx_word' id='word_1_313' title='bbox 332 2913 450 2978; x_wconf 80' lang='grc' dir='ltr'><strong><em>ἑαυτῶν</em></strong></span> <span class='ocrx_word' id='word_1_314' title='bbox 471 2913 586 3019; x_wconf 89' lang='grc' dir='ltr'><strong><em>λόγους</em></strong></span> <span class='ocrx_word' id='word_1_315' title='bbox 609 2914 884 3024; x_wconf 86' lang='grc' dir='ltr'><strong><em>δημιουργούμενα</em></strong></span> <span class='ocrx_word' id='word_1_316' title='bbox 906 2922 960 2980; x_wconf 79' lang='grc' dir='ltr'><strong><em>καὶ</em></strong></span> <span class='ocrx_word' id='word_1_317' title='bbox 982 2913 1095 2981; x_wconf 67' lang='grc' dir='ltr'><strong><em>καθἩ</em></strong></span> <span class='ocrx_word' id='word_1_318' title='bbox 1083 2943 1178 2981; x_wconf 89' lang='grc' dir='ltr'><strong><em>εαυτα</em></strong></span> <span class='ocrx_word' id='word_1_319' title='bbox 1165 2912 1332 3004; x_wconf 80' lang='grc' dir='ltr'><strong><em>είνοιιιη</em></strong></span> 
     </span>
     <span class='ocr_line' id='line_1_33' title="bbox 239 2982 1332 3114; baseline -0.005 -46"><span class='ocrx_word' id='word_1_320' title='bbox 239 3003 378 3087; x_wconf 83' lang='grc' dir='ltr'><strong><em>ένεργεία</em></strong></span> <span class='ocrx_word' id='word_1_321' title='bbox 408 3006 447 3064; x_wconf 89' lang='grc' dir='ltr'><strong><em>λα</em></strong></span> <span class='ocrx_word' id='word_1_322' title='bbox 447 3001 560 3087; x_wconf 89' lang='grc' dir='ltr'><strong><em>ιβανη</em></strong></span> <span class='ocrx_word' id='word_1_323' title='bbox 622 2997 796 3079; x_wconf 75' lang='grc' dir='ltr'><strong><em>Ἐπειδή</em></strong></span> <span class='ocrx_word' id='word_1_324' title='bbox 779 3028 796 3066; x_wconf 94' lang='grc' dir='ltr'><strong><em>ο</em></strong></span> <span class='ocrx_word' id='word_1_325' title='bbox 824 3005 882 3084; x_wconf 81' lang='grc' dir='ltr'><strong><em>μὲν</em></strong></span> <span class='ocrx_word' id='word_1_326' title='bbox 911 2999 961 3066; x_wconf 78' lang='grc' dir='ltr'><strong><em>ἀεὶ</em></strong></span> <span class='ocrx_word' id='word_1_327' title='bbox 989 3001 1055 3066; x_wconf 73' lang='grc' dir='ltr'><strong><em>κατ’</em></strong></span> <span class='ocrx_word' id='word_1_328' title='bbox 1086 3003 1246 3114; x_wconf 60' lang='grc' dir='ltr'><strong><em>βυέργειάν</em></strong></span> <span class='ocrx_word' id='word_1_329' title='bbox 1275 2982 1332 3068; x_wconf 71' lang='grc' dir='ltr'><strong><em>ἔστι</em></strong></span> 
     </span>
     <span class='ocr_line' id='line_1_34' title="bbox 238 3084 1333 3198; baseline -0.002 -45"><span class='ocrx_word' id='word_1_330' title='bbox 238 3086 462 3198; x_wconf 86' lang='grc' dir='ltr'><strong><em>δημιουργός,</em></strong></span> <span class='ocrx_word' id='word_1_331' title='bbox 478 3087 515 3151; x_wconf 86' lang='grc' dir='ltr'><strong><em>τά</em></strong></span> <span class='ocrx_word' id='word_1_332' title='bbox 545 3090 579 3152; x_wconf 80' lang='grc' dir='ltr'><strong><em>δὲ</em></strong></span> <span class='ocrx_word' id='word_1_333' title='bbox 587 3084 735 3196; x_wconf 78' lang='grc' dir='ltr'><strong><em>δυνάμει</em></strong></span> <span class='ocrx_word' id='word_1_334' title='bbox 756 3087 852 3198; x_wconf 81' lang='grc' dir='ltr'><strong><em>μέν</em></strong></span> <span class='ocrx_word' id='word_1_335' title='bbox 839 3112 944 3168; x_wconf 85' lang='grc' dir='ltr'><strong><em>εστιν,</em></strong></span> <span class='ocrx_word' id='word_1_336' title='bbox 979 3089 1118 3176; x_wconf 78' lang='grc' dir='ltr'><strong><em>ἐνεργεία</em></strong></span> <span class='ocrx_word' id='word_1_337' title='bbox 1142 3093 1177 3154; x_wconf 80' lang='grc' dir='ltr'><strong><em>δὲ</em></strong></span> <span class='ocrx_word' id='word_1_338' title='bbox 1201 3087 1258 3155; x_wconf 85' lang='grc' dir='ltr'><strong><em>οῦκ</em></strong></span> <span class='ocrx_word' id='word_1_339' title='bbox 1279 3088 1333 3155; x_wconf 86' lang='grc' dir='ltr'><strong><em>ετι·</em></strong></span> 
     </span>
     <span class='ocr_line' id='line_1_35' title="bbox 239 3168 1284 3285; baseline 0.002 -46"><span class='ocrx_word' id='word_1_340' title='bbox 239 3175 289 3240; x_wconf 81' lang='grc' dir='ltr'><strong><em>ὅτι</em></strong></span> <span class='ocrx_word' id='word_1_341' title='bbox 317 3177 396 3257; x_wconf 80' lang='grc' dir='ltr'><strong><em>μηδὲ</em></strong></span> <span class='ocrx_word' id='word_1_342' title='bbox 425 3168 529 3238; x_wconf 83' lang='grc' dir='ltr'><strong><em>οἷόντε</em></strong></span> <span class='ocrx_word' id='word_1_343' title='bbox 558 3177 619 3238; x_wconf 82' lang='grc' dir='ltr'><strong><em>τῶν</em></strong></span> <span class='ocrx_word' id='word_1_344' title='bbox 647 3173 713 3257; x_wconf 75' lang='grc' dir='ltr'><strong><em>ἅμα</em></strong></span> <span class='ocrx_word' id='word_1_345' title='bbox 744 3168 825 3238; x_wconf 83' lang='grc' dir='ltr'><strong><em>εἶναι</em></strong></span> <span class='ocrx_word' id='word_1_346' title='bbox 849 3172 884 3238; x_wconf 84' lang='grc' dir='ltr'><strong><em>τό</em></strong></span> <span class='ocrx_word' id='word_1_347' title='bbox 908 3172 1118 3280; x_wconf 77' lang='grc' dir='ltr'><strong><em>ἄπειρονκαὶ</em></strong></span> <span class='ocrx_word' id='word_1_348' title='bbox 1140 3175 1284 3285; x_wconf 32' lang='grc' dir='ltr'><strong><em>τάτπεπε</em></strong></span> 
     </span>
     <span class='ocr_line' id='line_1_36' title="bbox 239 3200 1335 3372; baseline -0.002 -45"><span class='ocrx_word' id='word_1_349' title='bbox 239 3263 355 3344; x_wconf 85' lang='grc' dir='ltr'><strong><em>σμένα,</em></strong></span> <span class='ocrx_word' id='word_1_350' title='bbox 386 3257 465 3371; x_wconf 47' lang='grc' dir='ltr'><strong><em>ούδέἱ</em></strong></span> <span class='ocrx_word' id='word_1_351' title='bbox 487 3285 535 3335; x_wconf 88' lang='grc' dir='ltr'><strong><em>τις</em></strong></span> <span class='ocrx_word' id='word_1_352' title='bbox 564 3263 665 3335; x_wconf 86' lang='grc' dir='ltr'><strong><em>δεῖξαι</em></strong></span> <span class='ocrx_word' id='word_1_353' title='bbox 697 3260 792 3344; x_wconf 88' lang='grc' dir='ltr'><strong><em>λόγος</em></strong></span> <span class='ocrx_word' id='word_1_354' title='bbox 820 3257 1056 3368; x_wconf 74' lang='grc' dir='ltr'><strong><em>ἀναφανήσεται</em></strong></span> <span class='ocrx_word' id='word_1_355' title='bbox 1087 3264 1159 3327; x_wconf 77' lang='grc' dir='ltr'><strong><em>ταῦν</em></strong></span> <span class='ocrx_word' id='word_1_356' title='bbox 1171 3261 1239 3347; x_wconf 76' lang='grc' dir='ltr'><strong><em>ἅμα</em></strong></span> <span class='ocrx_word' id='word_1_357' title='bbox 1262 3200 1335 3372; x_wconf 69' lang='lat'>6666</span> 
     </span>
     <span class='ocr_line' id='line_1_37' title="bbox 239 3343 1336 3455; baseline -0.002 -43"><span class='ocrx_word' id='word_1_358' title='bbox 239 3348 396 3413; x_wconf 89' lang='grc' dir='ltr'><strong><em>δύνασθαι</em></strong></span> <span class='ocrx_word' id='word_1_359' title='bbox 432 3346 487 3425; x_wconf 83' lang='grc' dir='ltr'><strong><em>τήν</em></strong></span> <span class='ocrx_word' id='word_1_360' title='bbox 525 3343 634 3410; x_wconf 82' lang='grc' dir='ltr'><strong><em>οῦσίαν</em></strong></span> <span class='ocrx_word' id='word_1_361' title='bbox 670 3353 723 3411; x_wconf 80' lang='grc' dir='ltr'><strong><em>καὶ</em></strong></span> <span class='ocrx_word' id='word_1_362' title='bbox 757 3346 793 3455; x_wconf 74' lang='grc' dir='ltr'><strong><em>τό</em></strong></span> <span class='ocrx_word' id='word_1_363' title='bbox 826 3343 1031 3434; x_wconf 86' lang='grc' dir='ltr'><strong><em>ῦπερούσιον,</em></strong></span> <span class='ocrx_word' id='word_1_364' title='bbox 1073 3353 1126 3412; x_wconf 89' lang='grc' dir='ltr'><strong><em>καὶ</em></strong></span> <span class='ocrx_word' id='word_1_365' title='bbox 1156 3349 1204 3424; x_wconf 81' lang='grc' dir='ltr'><strong><em>εἷς</em></strong></span> <span class='ocrx_word' id='word_1_366' title='bbox 1232 3345 1336 3412; x_wconf 84' lang='grc' dir='ltr'><strong><em>ταῦτδν</em></strong></span> 
     </span>
     <span class='ocr_line' id='line_1_38' title="bbox 239 3431 1335 3546; baseline 0 -50"><span class='ocrx_word' id='word_1_367' title='bbox 239 3432 367 3543; x_wconf 78' lang='grc' dir='ltr'><strong><em>ἀγαγεῖν</em></strong></span> <span class='ocrx_word' id='word_1_368' title='bbox 395 3438 439 3519; x_wconf 87' lang='grc' dir='ltr'><strong><em>τιβ</em></strong></span> <span class='ocrx_word' id='word_1_369' title='bbox 466 3432 534 3496; x_wconf 71' lang='grc' dir='ltr'><strong><em>23ἐν</em></strong></span> <span class='ocrx_word' id='word_1_370' title='bbox 561 3436 680 3542; x_wconf 83' lang='grc' dir='ltr'><strong><em>μέτρῳ</em></strong></span> <span class='ocrx_word' id='word_1_371' title='bbox 695 3432 730 3495; x_wconf 88' lang='grc' dir='ltr'>τό</span> <span class='ocrx_word' id='word_1_372' title='bbox 757 3432 916 3544; x_wconf 78' lang='grc' dir='ltr'><strong><em>ἄμετρον,</em></strong></span> <span class='ocrx_word' id='word_1_373' title='bbox 949 3440 1003 3499; x_wconf 85' lang='grc' dir='ltr'><strong><em>καὶ</em></strong></span> <span class='ocrx_word' id='word_1_374' title='bbox 1032 3439 1076 3521; x_wconf 89' lang='grc' dir='ltr'><strong><em>τιβ</em></strong></span> <span class='ocrx_word' id='word_1_375' title='bbox 1104 3433 1138 3498; x_wconf 79' lang='grc' dir='ltr'><strong><em>έν</em></strong></span> <span class='ocrx_word' id='word_1_376' title='bbox 1160 3438 1279 3546; x_wconf 86' lang='grc' dir='ltr'><strong><em>σχέσει</em></strong></span> <span class='ocrx_word' id='word_1_377' title='bbox 1305 3431 1335 3497; x_wconf 78' lang='grc' dir='ltr'><strong><em>τό</em></strong></span> 
     </span>
     <span class='ocr_line' id='line_1_39' title="bbox 240 3514 1337 3630; baseline 0.002 -47"><span class='ocrx_word' id='word_1_378' title='bbox 240 3518 394 3604; x_wconf 76' lang='grc' dir='ltr'><strong><em>ἄσχετον,</em></strong></span> <span class='ocrx_word' id='word_1_379' title='bbox 415 3526 468 3583; x_wconf 83' lang='grc' dir='ltr'><strong><em>καὶ</em></strong></span> <span class='ocrx_word' id='word_1_380' title='bbox 492 3544 527 3583; x_wconf 93' lang='grc' dir='ltr'><strong><em>το</em></strong></span> <span class='ocrx_word' id='word_1_381' title='bbox 517 3517 680 3602; x_wconf 77' lang='grc' dir='ltr'><strong><em>μηδέν”</em></strong></span> <span class='ocrx_word' id='word_1_382' title='bbox 662 3544 736 3603; x_wconf 88' lang='grc' dir='ltr'><strong><em>εχον</em></strong></span> <span class='ocrx_word' id='word_1_383' title='bbox 754 3516 800 3584; x_wconf 69' lang='grc' dir='ltr'><strong><em>ἐπ’</em></strong></span> <span class='ocrx_word' id='word_1_384' title='bbox 820 3519 916 3584; x_wconf 84' lang='grc' dir='ltr'><strong><em>αῦτοῦ</em></strong></span> <span class='ocrx_word' id='word_1_385' title='bbox 934 3526 1125 3630; x_wconf 85' lang='grc' dir='ltr'><strong><em>κατηγορίας</em></strong></span> <span class='ocrx_word' id='word_1_386' title='bbox 1144 3514 1232 3598; x_wconf 79' lang='grc' dir='ltr'><strong><em>εἶδος</em></strong></span> <span class='ocrx_word' id='word_1_387' title='bbox 1250 3546 1337 3586; x_wconf 86' lang='grc' dir='ltr'><strong><em>κατα·</em></strong></span> 
     </span>
     <span class='ocr_line' id='line_1_40' title="bbox 80 3603 1336 3717; baseline -0.001 -46"><span class='ocrx_word' id='word_1_388' title='bbox 80 3643 128 3685; x_wconf 70' lang='lat' dir='ltr'>c...</span> <span class='ocrx_word' id='word_1_389' title='bbox 143 3640 233 3686; x_wconf 64' lang='grc' dir='ltr'><strong><em>ηηηηη</em></strong></span> <span class='ocrx_word' id='word_1_390' title='bbox 240 3605 496 3712; x_wconf 79' lang='grc' dir='ltr'><strong><em>φασκόμενον</em></strong></span> <span class='ocrx_word' id='word_1_391' title='bbox 462 3631 505 3667; x_wconf 90' lang='grc' dir='ltr'><strong><em>τω</em></strong></span> <span class='ocrx_word' id='word_1_392' title='bbox 491 3605 577 3668; x_wconf 85' lang='grc' dir='ltr'><strong><em>διά</em></strong></span> <span class='ocrx_word' id='word_1_393' title='bbox 596 3603 720 3669; x_wconf 91' lang='grc' dir='ltr'><strong><em>πάντων</em></strong></span> <span class='ocrx_word' id='word_1_394' title='bbox 739 3605 856 3671; x_wconf 90' lang='grc' dir='ltr'><strong><em>τούτων</em></strong></span> <span class='ocrx_word' id='word_1_395' title='bbox 870 3616 874 3683; x_wconf 89' lang='grc' dir='ltr'>Ι</span> <span class='ocrx_word' id='word_1_396' title='bbox 887 3611 1114 3717; x_wconf 75' lang='grc' dir='ltr'><strong><em>συνισταμένην.</em></strong></span> <span class='ocrx_word' id='word_1_397' title='bbox 1152 3605 1269 3674; x_wconf 89' lang='grc' dir='ltr'><strong><em>Πάντα</em></strong></span> <span class='ocrx_word' id='word_1_398' title='bbox 1281 3606 1336 3691; x_wconf 81' lang='grc' dir='ltr'><strong><em>γάρ</em></strong></span> 
     </span>
     <span class='ocr_line' id='line_1_41' title="bbox 240 3687 1337 3803; baseline 0.002 -47"><span class='ocrx_word' id='word_1_399' title='bbox 240 3692 278 3756; x_wconf 87' lang='grc' dir='ltr'><strong><em>τά</em></strong></span> <span class='ocrx_word' id='word_1_400' title='bbox 302 3689 412 3757; x_wconf 83' lang='grc' dir='ltr'><strong><em>κτιστά</em></strong></span> <span class='ocrx_word' id='word_1_401' title='bbox 435 3717 493 3756; x_wconf 91' lang='grc' dir='ltr'><strong><em>κατ</em></strong></span> <span class='ocrx_word' id='word_1_402' title='bbox 524 3687 637 3755; x_wconf 87' lang='grc' dir='ltr'><strong><em>οῦσίαν</em></strong></span> <span class='ocrx_word' id='word_1_403' title='bbox 660 3717 691 3755; x_wconf 90' lang='grc' dir='ltr'><strong><em>τε</em></strong></span> <span class='ocrx_word' id='word_1_404' title='bbox 714 3699 766 3756; x_wconf 81' lang='grc' dir='ltr'><strong><em>καὶ</em></strong></span> <span class='ocrx_word' id='word_1_405' title='bbox 788 3697 909 3775; x_wconf 85' lang='grc' dir='ltr'><strong><em>γένεσιν</em></strong></span> <span class='ocrx_word' id='word_1_406' title='bbox 931 3693 1117 3759; x_wconf 86' lang='grc' dir='ltr'><strong><em>παντάπασι</em></strong></span> <span class='ocrx_word' id='word_1_407' title='bbox 1126 3694 1337 3803; x_wconf 78' lang='grc' dir='ltr'><strong><em>καταφάσκε</em></strong></span> 
     </span>
     <span class='ocr_line' id='line_1_42' title="bbox 240 3773 1337 3892; baseline 0.002 -50"><span class='ocrx_word' id='word_1_408' title='bbox 240 3805 292 3842; x_wconf 91' lang='grc' dir='ltr'><strong><em>ται</em></strong></span> <span class='ocrx_word' id='word_1_409' title='bbox 322 3787 389 3882; x_wconf 66' lang='lat'>1064</span> <span class='ocrx_word' id='word_1_410' title='bbox 418 3776 514 3853; x_wconf 87' lang='grc' dir='ltr'><strong><em>ιδίοις</em></strong></span> <span class='ocrx_word' id='word_1_411' title='bbox 541 3782 594 3841; x_wconf 85' lang='grc' dir='ltr'><strong><em>καὶ</em></strong></span> <span class='ocrx_word' id='word_1_412' title='bbox 623 3788 691 3852; x_wconf 82' lang='grc' dir='ltr'><strong><em>τοῖς</em></strong></span> <span class='ocrx_word' id='word_1_413' title='bbox 718 3784 821 3888; x_wconf 86' lang='grc' dir='ltr'><strong><em>περὶ</em></strong></span> <span class='ocrx_word' id='word_1_414' title='bbox 823 3776 901 3843; x_wconf 87' lang='grc' dir='ltr'><strong><em>αύτά</em></strong></span> <span class='ocrx_word' id='word_1_415' title='bbox 930 3773 1003 3847; x_wconf 85' lang='grc' dir='ltr'><strong><em>οῦσι</em></strong></span> <span class='ocrx_word' id='word_1_416' title='bbox 1034 3785 1095 3844; x_wconf 82' lang='grc' dir='ltr'><strong><em>τῶν</em></strong></span> <span class='ocrx_word' id='word_1_417' title='bbox 1111 3779 1215 3892; x_wconf 51' lang='lat'><strong><em>⁸,66169</em></strong></span> <span class='ocrx_word' id='word_1_418' title='bbox 1237 3779 1337 3864; x_wconf 91' lang='grc' dir='ltr'><strong><em>λόγοις</em></strong></span> 
     </span>
     <span class='ocr_line' id='line_1_43' title="bbox 239 3858 1338 3976; baseline 0.005 -48"><span class='ocrx_word' id='word_1_419' title='bbox 239 3865 460 3971; x_wconf 88' lang='grc' dir='ltr'><strong><em>περιεχόμενα.</em></strong></span> <span class='ocrx_word' id='word_1_420' title='bbox 505 3859 782 3974; x_wconf 77' lang='grc' dir='ltr'><strong><em>Υπεξηρημένης</em></strong></span> <span class='ocrx_word' id='word_1_421' title='bbox 783 3858 839 3929; x_wconf 84' lang='grc' dir='ltr'><strong><em>οῦν</em></strong></span> <span class='ocrx_word' id='word_1_422' title='bbox 867 3869 919 3944; x_wconf 79' lang='grc' dir='ltr'><strong><em>τῆς</em></strong></span> <span class='ocrx_word' id='word_1_423' title='bbox 947 3864 1047 3951; x_wconf 88' lang='grc' dir='ltr'><strong><em>ἀκρας</em></strong></span> <span class='ocrx_word' id='word_1_424' title='bbox 1068 3872 1121 3932; x_wconf 83' lang='grc' dir='ltr'><strong><em>καὶ</em></strong></span> <span class='ocrx_word' id='word_1_425' title='bbox 1139 3864 1338 3976; x_wconf 80' lang='grc' dir='ltr'><strong><em>ἀποφατικης</em></strong></span> 
     </span>
     <span class='ocr_line' id='line_1_44' title="bbox 241 3945 1336 4031; baseline 0.001 -17"><span class='ocrx_word' id='word_1_426' title='bbox 241 3954 296 4015; x_wconf 89' lang='grc' dir='ltr'><strong><em>τοῦ</em></strong></span> <span class='ocrx_word' id='word_1_427' title='bbox 324 3945 422 4031; x_wconf 91' lang='grc' dir='ltr'><strong><em>λόγου</em></strong></span> <span class='ocrx_word' id='word_1_428' title='bbox 445 3955 634 4031; x_wconf 86' lang='grc' dir='ltr'><strong><em>θεολογίας,</em></strong></span> <span class='ocrx_word' id='word_1_429' title='bbox 667 3947 775 4015; x_wconf 70' lang='grc' dir='ltr'><strong><em>καθ’</em></strong></span> <span class='ocrx_word' id='word_1_430' title='bbox 762 3947 799 4028; x_wconf 82' lang='grc' dir='ltr'><strong><em>ήν</em></strong></span> <span class='ocrx_word' id='word_1_431' title='bbox 822 3949 893 4016; x_wconf 87' lang='grc' dir='ltr'><strong><em>οῦτε</em></strong></span> <span class='ocrx_word' id='word_1_432' title='bbox 915 3953 1104 4030; x_wconf 72' lang='grc' dir='ltr'><strong><em>λέγεται,”</em></strong></span> <span class='ocrx_word' id='word_1_433' title='bbox 1117 3951 1190 4018; x_wconf 88' lang='grc' dir='ltr'><strong><em>οῦτε</em></strong></span> <span class='ocrx_word' id='word_1_434' title='bbox 1214 3965 1336 4023; x_wconf 81' lang='grc' dir='ltr'><strong><em>νοεῖται,</em></strong></span> 
     </span>
     <span class='ocr_line' id='line_1_45' title="bbox 241 4035 1337 4126; baseline 0.003 -25"><span class='ocrx_word' id='word_1_435' title='bbox 241 4035 313 4101; x_wconf 86' lang='grc' dir='ltr'><strong><em>ούτε</em></strong></span> <span class='ocrx_word' id='word_1_436' title='bbox 344 4035 411 4100; x_wconf 76' lang='grc' dir='ltr'><strong><em>ἐστὶ</em></strong></span> <span class='ocrx_word' id='word_1_437' title='bbox 441 4035 476 4099; x_wconf 88' lang='grc' dir='ltr'><strong><em>τό</em></strong></span> <span class='ocrx_word' id='word_1_438' title='bbox 507 4036 642 4111; x_wconf 89' lang='grc' dir='ltr'><strong><em>σύνολόν</em></strong></span> <span class='ocrx_word' id='word_1_439' title='bbox 675 4063 703 4099; x_wconf 92' lang='grc' dir='ltr'><strong><em>τι</em></strong></span> <span class='ocrx_word' id='word_1_440' title='bbox 741 4041 844 4101; x_wconf 64' lang='grc' dir='ltr'><strong><em>τιῦν3</em></strong></span> <span class='ocrx_word' id='word_1_441' title='bbox 845 4036 952 4126; x_wconf 69' lang='lat'>⁰666</span> <span class='ocrx_word' id='word_1_442' title='bbox 989 4044 1269 4124; x_wconf 88' lang='grc' dir='ltr'><strong><em>συιεγιωσμένων,</em></strong></span> <span class='ocrx_word' id='word_1_443' title='bbox 1303 4036 1337 4113; x_wconf 78' lang='grc' dir='ltr'><strong><em>ὡς</em></strong></span> 
     </span>
    </p>
   </div>
   <div class='ocr_carea' id='block_1_3' title="bbox 242 4247 1335 4384">
    <p class='ocr_par' dir='ltr' id='par_1_3' title="bbox 242 4247 1335 4382">
     <span class='ocr_line' id='line_1_46' title="bbox 310 4247 1335 4342; baseline 0.001 -36"><span class='ocrx_word' id='word_1_444' title='bbox 310 4256 351 4311; x_wconf 74' lang='lat'><strong><em>27</em></strong></span> <span class='ocrx_word' id='word_1_445' title='bbox 377 4256 450 4315; x_wconf 79' lang='grc' dir='ltr'><strong><em>ἰδίας</em></strong></span> <span class='ocrx_word' id='word_1_446' title='bbox 467 4247 724 4342; x_wconf 71' lang='grc' dir='ltr'><strong><em>ἐπιλαμβανόμενος</em></strong></span> <span class='ocrx_word' id='word_1_447' title='bbox 749 4259 791 4308; x_wconf 86' lang='lat' dir='ltr'>ed.</span> <span class='ocrx_word' id='word_1_448' title='bbox 812 4258 865 4309; x_wconf 67' lang='grc' dir='ltr'><strong><em>(δελ</em></strong></span> <span class='ocrx_word' id='word_1_449' title='bbox 937 4259 977 4310; x_wconf 77' lang='lat'>28.</span> <span class='ocrx_word' id='word_1_450' title='bbox 1004 4256 1132 4326; x_wconf 73' lang='grc' dir='ltr'><strong><em>ἐμμέτρῳ</em></strong></span> <span class='ocrx_word' id='word_1_451' title='bbox 1150 4255 1181 4309; x_wconf 86' lang='grc' dir='ltr'><strong><em>τδ</em></strong></span> <span class='ocrx_word' id='word_1_452' title='bbox 1200 4255 1335 4327; x_wconf 81' lang='grc' dir='ltr'><strong><em>ἀμιιιτριν</em></strong></span> 
     </span>
     <span class='ocr_line' id='line_1_47' title="bbox 242 4321 1161 4384; baseline -0.002 -3"><span class='ocrx_word' id='word_1_453' title='bbox 242 4332 283 4384; x_wconf 87' lang='lat' dir='ltr'><strong><em>ed</em></strong></span> <span class='ocrx_word' id='word_1_454' title='bbox 304 4329 357 4382; x_wconf 83' lang='lat' dir='ltr'><strong><em>Gal</em></strong></span> <span class='ocrx_word' id='word_1_455' title='bbox 412 4327 454 4380; x_wconf 77' lang='lat'>29.</span> <span class='ocrx_word' id='word_1_456' title='bbox 475 4321 530 4377; x_wconf 76' lang='grc' dir='ltr'><strong><em>οὔτ’</em></strong></span> <span class='ocrx_word' id='word_1_457' title='bbox 549 4325 683 4379; x_wconf 72' lang='grc' dir='ltr'><strong><em>ἐννοεῖται</em></strong></span> <span class='ocrx_word' id='word_1_458' title='bbox 701 4327 743 4381; x_wconf 89' lang='lat' dir='ltr'><strong><em>ed</em></strong></span> <span class='ocrx_word' id='word_1_459' title='bbox 764 4326 819 4380; x_wconf 81' lang='lat' dir='ltr'>Gal.</span> <span class='ocrx_word' id='word_1_460' title='bbox 873 4327 915 4380; x_wconf 86' lang='lat'>30.</span> <span class='ocrx_word' id='word_1_461' title='bbox 933 4322 1025 4379; x_wconf 86' lang='grc' dir='ltr'><strong><em>ἀλλων</em></strong></span> <span class='ocrx_word' id='word_1_462' title='bbox 1044 4328 1085 4379; x_wconf 84' lang='lat' dir='ltr'>ed.</span> <span class='ocrx_word' id='word_1_463' title='bbox 1106 4328 1161 4379; x_wconf 79' lang='lat' dir='ltr'><strong><em>Gal</em></strong></span> 
     </span>
    </p>
   </div>
   <div class='ocr_carea' id='block_1_4' title="bbox 0 0 1393 4778">
    <p class='ocr_par' dir='ltr' id='par_1_4' title="bbox 0 0 1393 4778">
     <span class='ocr_line' id='line_1_48' title="bbox 0 0 1393 4778; baseline 0 0"><span class='ocrx_word' id='word_1_464' title='bbox 0 0 1393 4778; x_wconf 95' lang='lat' dir='ltr'><strong><em> </em></strong></span> 
     </span>
    </p>
   </div>
  </div>
 </body>
</html>
