2752 4778
1132 165 1177 245 it

363 266 394 324 a

106 369 124 413 u
153 349 357 419 divisionem
379 361 541 407 removens
565 363 625 407 nen
646 345 744 409 offecit
772 345 969 413 differentiae.
1020 349 1051 411 Si
1079 357 1182 414 autem

106 432 258 500 erentiae
280 436 429 496 rationein
453 432 575 493 unionis
592 432 702 493 modus
720 441 896 512 conservat,
922 453 999 498 sane
1016 437 1066 498 hic
1083 455 1182 501 sermo

137 524 256 584 sancti
286 518 473 598 periphrasis
502 519 574 590 erit,
610 536 665 594 per
693 536 783 596 quam
813 522 961 594 ostendit,
1002 527 1079 585 hene
1109 542 1183 588 eon-

106 612 188 673 renti
211 609 371 682 oratione,
396 605 545 682 duplicem
569 607 774 682 operationem
796 608 826 666 in
850 607 968 670 Christo
991 611 1070 672 duas
1092 621 1195 690 natu-¹

135 696 294 758 hubente.
349 693 498 766 Quoniam
530 691 611 753 nulio
639 699 729 768 pacto
758 708 813 769 per
840 695 1001 768 unionem,
1033 700 1098 759 sive
1129 714 1183 759 ua·

106 794 167 849 eata
193 788 322 860 spectes
344 781 410 840 siue
432 778 623 854 qualitatem,
654 795 759 864 eorum
783 794 861 854 quae
883 784 1044 855 uniuntur,
1076 801 1183 846 essen·

106 862 145 933 lis
169 869 309 930 laeditur
331 868 417 928 ratio.
474 864 535 925 Nee
558 872 592 927 ut
615 865 720 933 volunt
741 865 850 941 aliqui,
882 876 1018 931 extrema
1042 871 1183 948 negando

106 957 205 1018 edium
238 953 391 1031 quoddam
421 951 565 1026 affirmat3
600 951 675 1011 nihil
705 953 785 1013 enim
815 959 863 1013 εει
884 955 1016 1017 medium
1040 958 1121 1032 quod
1145 957 1183 1018 de

106 1045 192 1104 triste
222 1058 278 1117 per
310 1045 514 1100 extremorum
545 1039 737 1116 negationem
767 1037 907 1099 affirmari
939 1048 1048 1117 potest.
1107 1042 1185 1115 ‚No-

106 1137 156 1191 m‘
190 1129 283 1197 dixit,
312 1126 373 1186 hoc
401 1129 448 1185 est
477 1141 589 1185 novum
612 1125 790 1201 mysterium
820 1124 1058 1203 characterizet,
1095 1131 1182 1193 ouius

106 1219 145 1277 tio
169 1221 221 1276 est
243 1210 403 1273 ineffabilis
426 1211 535 1272 modus
559 1211 707 1271 naturalis
730 1214 960 1274 coniunctionis.
1005 1215 1079 1288 Quis
1104 1217 1183 1275 enim

106 1306 154 1365 uit
179 1299 334 1377 quomodo
357 1299 434 1359 deus
458 1299 649 1369 incarnatur,
679 1304 712 1359 et
731 1304 831 1359 tamen
856 1307 960 1362 manet
981 1300 1080 1363 deust
1108 1317 1185 1376 quo-

106 1390 162 1451 κιο
186 1391 313 1448 maneat
335 1385 411 1445 deus
435 1401 540 1462 uerus,
564 1389 594 1445 et
617 1401 706 1446 verus
730 1379 844 1450 uomet
873 1386 1042 1449 ostendens
1063 1404 1184 1458 severe

106 1495 141 1538 se
174 1480 340 1548 utrumque
368 1472 499 1531 naturali
529 1471 708 1546 existentia,
742 1478 771 1532 et
793 1488 848 1548 per
869 1474 1047 1536 alterutrum
1068 1481 1186 1537 utrum-

106 1581 128 1625 e
150 1565 185 1622 in
210 1565 319 1620 neutro
339 1558 493 1618 alteratus.
539 1556 621 1617 llaec
643 1557 719 1617 tides
742 1557 808 1619 sola
831 1561 926 1637 capit,
951 1561 1070 1622 silentio
1092 1577 1185 1622 vene-

106 1666 142 1710 ηε
182 1647 335 1716 Verbum,
376 1646 463 1704 euius
497 1648 623 1704 naturae
653 1644 737 1704 nulla
768 1646 797 1704 in
828 1647 919 1706 rehrrs
950 1650 1059 1709 creatis
1090 1649 1185 1709 oratio

106 1734 253 1813 spondet.
285 1766 289 1773 ·
318 1726 532 1812 Θεανδρικῆν,
568 1730 811 1805 ,dei-virilem‘,
848 1732 979 1809 addidit,
1014 1734 1184 1809 non-quod

106 1823 227 1899 telligat
247 1818 294 1878 rel
319 1818 485 1894 simplicem
507 1819 729 1892 operationem,
761 1819 810 1878 vel
832 1821 953 1896 reipsa
977 1823 1187 1897 compositum,

106 1927 127 1971 ε
151 1907 277 1979 adhue,
302 1921 369 1965 eam
393 1920 471 1979 quae
494 1903 589 1964 solius
613 1904 775 1978 nudaeque
797 1911 879 1966 esset
899 1906 1039 1979 deitatis,
1063 1914 1117 1968 aut
1135 1924 1187 1969 so-

106 2013 129 2057 rs
161 1998 196 2056 et
226 2007 330 2052 merae
359 1990 573 2062 humanitatis,
602 1998 655 2051 aut
684 1997 837 2067 postremo
866 1998 1006 2074 naturae,
1027 1993 1186 2055 cuiusdam

106 2080 283 2158 mpositae‚
316 2093 395 2152 quae
423 2076 523 2137 media
555 2083 636 2138 esset
666 2079 743 2138 inter
771 2078 831 2137 duo
854 2084 1006 2140 extrema:
1043 2079 1185 2140 sedeam

106 2164 413 2230 ae³uaturalissime
443 2169 629 2238 competeret
656 2163 714 2223 deo
733 2163 952 2241 inhumanato,
984 2167 1113 2226 hoc'est
1134 2166 1184 2240 qul

106 2254 209 2316 riecte
238 2253 338 2313 iactus
368 2256 417 2311 est
447 2249 548 2310 homo.
602 2250 719 2311 Rursus
748 2267 841 2311 uuam
861 2251 957 2325 dixit,
992 2268 1051 2312 non
1081 2258 1182 2312 tamen

106 2358 173 2403 rac
194 2341 224 2400 si
244 2344 358 2413 ‚noua‘
382 2337 517 2412 operatio
536 2353 595 2396 non
616 2342 722 2413 posset
743 2337 867 2414 intelligi
886 2338 944 2398 nisi
969 2355 1023 2413 per
1047 2337 1183 2413 ,unamh

132 2426 296 2489 nonnullis
319 2424 433 2500 placet,
472 2439 540 2484 uum
565 2423 602 2484 ad
627 2424 817 2497 qualitatem,
849 2436 909 2485 nou
934 2441 1006 2489 vero
1028 2425 1066 2486 ad
1089 2439 1186 2501 quun-¹

106 2523 194 2577 atem
219 2507 381 2588 καινότης,
410 2512 606 2586 ,innovatio‘,
638 2511 782 2586 pertinet,
813 2513 953 2585 queniam
975 2517 1115 2591 naturam
1133 2529 1185 2571 ne-

106 2602 217 2663 ssario
245 2597 361 2658 inducit
386 2597 494 2670 tulem3
531 2613 600 2656 narn
631 2598 729 2657 omnis
758 2602 885 2673 naturae
916 2599 1048 2659 delinitio
1077 2600 1187 2676 petitur

106 2709 113 2767 a
142 2689 216 2747 eius
246 2683 420 2746 essentialis
448 2684 631 2758 operationis
662 2684 794 2754 ratione,
828 2699 917 2758 quarn
940 2685 1090 2760 duplicem
1113 2701 1186 2746 esse

106 2791 113 2834 r
140 2777 171 2835 is
197 2771 319 2848 quidem
350 2769 460 2830 dixerit
488 2770 538 2844 qui
565 2769 813 2846 tragelaphorum
845 2771 963 2830 tabulas
986 2773 1186 2849 amplectitur.

106 2876 155 2937 to,
176 2859 242 2920 hoc
260 2857 349 2931 dato,
373 2856 441 2916 talis
461 2857 511 2930 qui
530 2855 635 2929 irrerit,
660 2871 720 2916 unu
738 2862 856 2916 tantum
874 2859 1064 2934 operatione,
1089 2860 1188 2934 eaque

106 2945 212 3016 tiarati
234 2943 407 3023 praeditus,
430 2942 581 3017 quomodo
603 2959 658 3018 per
679 2955 746 3004 eam
767 2949 797 3003 et
816 2945 962 3005 miracula
979 2950 1009 3005 ει
1026 2947 1188 3020 passiones

106 3032 229 3103 itendit,
261 3046 390 3107 quorum
423 3030 499 3089 ratio
528 3029 707 3091 naturaliter
729 3029 856 3092 multum
879 3029 999 3092 diversa
1022 3038 1086 3102 est,
1115 3020 1189 3107 quiu'

106 3121 202 3182 tbitus
236 3118 459 3194 corruptionem
487 3115 616 3191 privatio
642 3122 856 3192 consequetur.
922 3115 1001 3177 Nihil
1030 3120 1110 3178 enim
1141 3123 1189 3178 est

106 3204 160 3268 rod
190 3221 253 3266 una
282 3202 451 3277 eademque
479 3203 654 3278 operatione
685 3205 835 3279 contraria
863 3209 965 3279 potest
993 3204 1128 3275 efficere,
1161 3205 1205 3262 st·

106 3282 205 3355 auea't
232 3292 313 3351 iutra
341 3305 416 3350 suae
447 3294 575 3350 natiuae
605 3291 764 3350 terminum
787 3295 818 3350 et
841 3292 997 3351 rationem.
1052 3289 1188 3365 Quapro-

106 3397 144 3443 ει
172 3386 235 3441 hon
265 3382 314 3441 est
342 3377 389 3439 tus
418 3375 569 3437 affirmare
599 3376 637 3436 de
660 3377 769 3437 Christi
792 3377 959 3448 deitateet
980 3372 1072 3437 carne
1093 3372 1188 3437 uriam

106 3465 256 3544 mpliciter
284 3470 316 3525 et
344 3462 514 3524 naturalem
544 3464 768 3539 operationem,
799 3465 826 3523 si
848 3463 938 3525 modo
960 3463 1040 3524 idem
1063 3478 1124 3525 nen
1149 3464 1188 3522 sit

106 3565 176 3615 aues
204 3550 381 3629 qualitatem
412 3549 581 3609 naturalem
606 3550 702 3609 deitas
726 3556 756 3610 et
778 3565 858 3609 caro.
911 3549 974 3610 Hoc
996 3551 1075 3611 enim
1099 3555 1190 3628 pacta

106 3655 231 3706 ,uuam
261 3641 402 3698 naturam
435 3635 669 3710 affirmabimus,
705 3643 735 3696 et
762 3636 881 3697 trinitas
910 3635 960 3696 fiet
988 3636 1186 3712 quaternitas.

106 3722 171 3787 lius
194 3722 276 3785 'enim
299 3722 379 3783 idem
403 3727 468 3791 erat
490 3723 565 3798 patri
589 3727 619 3783 et
641 3723 757 3798 spiritui
780 3739 834 3800 per
855 3725 1003 3783 unitatem
1024 3723 1187 3796 essentiae,

106 3811 133 3872 u
163 3826 226 3872 non
249 3810 305 3871 tuit
325 3809 406 3869 idem
429 3810 512 3868 carui
536 3825 591 3885 per
612 3811 772 3884 unionem,
805 3811 922 3870 etiamsi
948 3810 1097 3869 vivificam
1121 3823 1189 3868 eam

106 3900 164 3976 tit,
205 3913 276 3957 curn
310 3912 378 3957 eam
413 3897 470 3956 sihi
498 3895 612 3971 uniret3
651 3897 758 3956 habuit
776 3897 864 3957 enim
895 3912 934 3957 ea
964 3897 993 3955 in
1024 3912 1059 3956 se
1088 3893 1190 3957 adhuc

106 4082 120 4140 t.
137 4080 235 4137 δικτοῦ
252 4080 294 4132 ed.
316 4079 370 4131 Gal.
391 4080 418 4129 lu
438 4078 495 4131 eod.
516 4078 581 4130 Gud.
602 4094 617 4129 a
638 4095 676 4144 pr.
698 4092 731 4129 m.
751 4086 791 4128 est
812 4074 918 4129 emtus.
972 4079 1014 4132 54.
1034 4071 1127 4140 δικτῆν
1146 4077 1188 4130 ed.

106 4148 145 4207 ri'
193 4151 236 4202 55.
258 4162 287 4200 τε
305 4164 355 4202 om.
374 4146 415 4200 ed.
437 4146 490 4200 Gal.
552 4145 592 4199 56.
612 4145 682 4204 ’τινες
700 4146 741 4197 ed.
762 4147 816 4209 Gal.
880 4147 921 4200 57.
940 4143 1111 4215 noncupatum
1130 4144 1188 4210 (sic)

106 4223 135 4276 d.
149 4220 221 4275 thud.
241 4213 411 4285 ποιούμενον
428 4217 470 4269 ed.
487 4216 542 4269 Gal.
595 4215 637 4269 58.
657 4211 716 4267 rare
735 4215 776 4267 ed.
797 4215 852 4268 Gal.
907 4213 949 4269 att.
968 4217 1127 4284 σεμφυείας
1147 4216 1191 4268 ει.

106 4291 131 4345 rl.
151 4291 194 4344 Uti
214 4295 370 4342 eousmnter.
424 4287 466 4339 60.
481 4282 517 4344 ὥς
534 4279 588 4337 κᾶν
606 4286 648 4338 ed.
663 4285 717 4337 Gal.
770 4285 811 4337 til.
827 4277 858 4334 ori
878 4281 975 4348 διπλῆν
994 4285 1034 4338 ed.
1051 4285 1107 4337 Gal.
1126 4275 1189 4332 ouidi

106 4358 200 4425 hietas
220 4358 278 4410 cod.
298 4356 363 4409 aad.
416 4356 458 4408 6⁶2.
487 4355 549 4426 einp
569 4355 609 4407 ed.
630 4354 683 4407 Gal.
