2768 4784
1188 231 1260 305 393

133 413 230 491 ipse.
249 427 309 473 non
338 413 505 488 pepererit,
536 409 748 473 admirationis
778 415 1020 474 commovendae
1048 417 1146 492 gratia
1179 431 1262 477 men-

132 497 228 572 dax,
262 513 350 574 quem
382 514 442 557 non
472 500 586 574 pudeat
616 504 732 575 patrem
763 514 832 559 sese
857 499 983 560 nothum
1007 506 1037 560 et
1058 501 1262 565 adulterinum

126 585 293 647 'orbarum
321 585 492 646 orationum
522 591 559 646 ac
588 587 824 663 cogitationum,
853 590 887 645 ut
908 587 1033 662 sepiens
1057 587 1167 661 aliquis
1192 605 1262 649 essa

142 670 305 743 videatur,
329 676 590 747 repraesentasse.
628 672 826 746 ,Prophetae
850 672 928 731 enim
953 671 1046 746 ,duo‘,
1079 675 1120 734 ait
1141 673 1262 735 divinus

141 757 327 840 apostolus,
363 756 422 831 ,vel
445 761 506 816 tres
528 758 708 832 loquantur,
738 763 767 817 et
789 759 879 816 ceteri
902 757 1088 817 diiudicent‘
1133 759 1263 832 Quinam

143 843 325 907 verosunt
352 843 467 903 ceteri‘l
504 844 643 903 nimirum
674 843 713 902 illi
746 845 796 917 qui
819 843 1079 904 diiudicandorum
1102 847 1262 921 spirituum

142 931 281 1009 mltum
312 929 435 990 habent.
491 929 595 1004 ltaque
618 928 791 1006 prophetia,
822 931 864 989 uli
887 928 1040 1003 dicebam,
1072 947 1149 1006 opus
1170 932 1264 994 habet

142 1021 182 1076 ut
206 1017 332 1094 spiritus
354 1015 489 1076 iudicare
512 1017 625 1091 possit,
657 1023 690 1076 ιιι
713 1020 919 1092 cognoscatur
941 1020 970 1075 el
993 1016 1136 1076 credatur
1158 1025 1187 1078 et
1209 1034 1262 1094 ap-

144 1103 313 1179 probetur,
344 1102 514 1178 linguarum
545 1108 646 1161 autern
670 1103 769 1178 gratia
792 1118 870 1177 opus
893 1101 985 1161 habet
1007 1105 1262 1178 interpretationis

144 1189 267 1268 gratia,
302 1204 339 1247 ne
370 1190 413 1246 eis
445 1189 494 1261 qui
525 1187 638 1247 adsunt
668 1187 818 1248 eiusmodi
847 1189 981 1247 insanire
1009 1187 1164 1262 videatur,
1195 1204 1262 1249 cum

144 1274 338 1336 audientium
362 1291 451 1334 nenio
475 1276 599 1348 assequi
621 1274 704 1336 dicta
725 1275 831 1349 possit.
875 1272 958 1348 ,Nam
984 1276 1035 1347 si‘,
1060 1290 1190 1352 magnus
1213 1276 1260 1335 in·

144 1362 213 1437 quit
236 1361 411 1436 apostolus,
435 1360 564 1437 ,linguis
587 1361 768 1435 loquamini,
793 1362 884 1419 intret
906 1367 1007 1419 aulem
1032 1362 1099 1434 quis
1122 1359 1262 1431 infidelis,

144 1446 198 1507 vel
225 1447 342 1517 idiota,
380 1462 482 1506 nonne
519 1445 619 1505 dicent
654 1445 733 1519 quod
762 1443 941 1506 insanitis‘t
1008 1446 1106 1520 Atque
1135 1448 1264 1521 imperat

144 1533 253 1610 potius
283 1538 315 1591 ιιι
346 1537 444 1594 tacent
471 1534 583 1609 linguis
613 1533 755 1605 loquens,
790 1533 847 1590 nisi
879 1532 967 1591 tuerit
998 1533 1047 1607 qui
1071 1534 1259 1608 interpretur.

146 1618 240 1693 Quod
270 1624 371 1678 alitem
403 1618 466 1691 ,Ad
497 1618 759 1689 discernentium,
798 1618 871 1678 dixit
900 1619 1060 1694 magister,
1092 1634 1261 1693 ,quaenam

146 1708 189 1765 sit
211 1706 438 1781 praestantior‘,
464 1720 592 1778 errorum
619 1721 704 1765 meus
727 1704 829 1764 diviua
852 1703 989 1785 doctrina
1012 1703 1181 1765 illuminata
1205 1710 1259 1778 est,

144 1793 166 1850 ii
186 1796 345 1868 praestare
364 1791 469 1851 dieunt
487 1789 663 1866 prophetiae
683 1798 774 1866 atque
791 1791 964 1867 linguarum
984 1792 1110 1868 gratiam
1130 1791 1167 1850 ils
1192 1808 1262 1868 gra-

144 1878 198 1938 tiis
219 1878 327 1952 quibus
345 1876 382 1936 ad
405 1876 639 1938 discernendum
663 1883 693 1936 et
716 1876 929 1953 explicandum
953 1893 1029 1951 opus
1053 1876 1182 1947 habent,
1204 1878 1262 1938 hoc
1354 1889 1360 1900 '

146 1970 199 2026 eat
226 1963 417 2023 discernendi
451 1965 573 2038 spiritus
605 1969 634 2022 et
664 1962 892 2039 interpretandi.
960 1962 1046 2034 Quod
1078 1962 1261 2040 intellegens

147 2051 259 2110 doctor
282 2051 339 2121 ait,
370 2049 426 2123 ,Ad
447 2049 680 2109 discernendum
706 2064 856 2122 quaenam
881 2050 1084 2123 praestantior
1106 2049 1166 2108 slt‘

146 2252 347 2343 Eiusdem,
376 2276 422 2325 ex
443 2275 611 2326 sermone
636 2254 676 2342 in
696 2249 883 2325 Heronem
905 2251 1189 2353 philosophum,
1224 2254 1262 2326 in

203 2356 320 2446 illud,
354 2352 609 2454 ,Symbamata
635 2365 672 2429 et
694 2353 1034 2455 parasyrnbamata.‘

261 2508 423 2584 Symbama
454 2505 623 2565 secundum
652 2506 867 2582 grammaticos
890 2512 938 2566 est
960 2508 1125 2583 propositio
1148 2525 1186 2568 ex
1210 2525 1264 2570 no-

148 2597 232 2657 rnine
255 2600 285 2654 et
307 2595 399 2654 verbo
423 2593 595 2652 absolutam
619 2593 802 2651 sententiam
825 2593 1006 2665 conficiens,
1036 2600 1069 2653 ul
1091 2595 1263 2670 exemplum

146 2681 293 2752 aderam,
324 2680 469 2759 ‚loannes
494 2678 688 2758 deambulat!
740 2677 979 2754 Parasymbama
1002 2685 1103 2740 aulem
1126 2684 1173 2739 est
1195 2698 1264 2756 pro-

147 2769 262 2845 positio
292 2783 328 2827 ex
360 2766 483 2825 nomine
506 2770 536 2824 el
559 2766 649 2824 verbo
673 2781 732 2825 non
757 2765 930 2825 absolutam
952 2767 1117 2826 conficiens
1141 2772 1264 2828 senten-

146 2857 239 2924 tiam,
269 2859 316 2928 ut,
349 2852 472 2924 ,loanni
495 2866 586 2910 curae
609 2857 677 2910 cst-⁶
730 2848 833 2926 ltaque
856 2868 924 2911 curn
948 2853 1015 2927 quis
1039 2853 1124 2927 dicit,
1158 2852 1262 2928 ,loan-

147 2958 207 3002 nes
236 2938 438 3010 dcambulat‘,
474 2937 555 2997 nullo
580 2937 638 2997 alio
662 2953 731 2996 curn
755 2954 833 3014 opus
856 2938 970 2998 habere
993 2945 1159 3011 monstrat,
1193 2957 1261 3002 cum

145 3033 270 3099 autern,
302 3023 423 3098 ,loanni
442 3039 534 3084 crrrae
554 3028 628 3097 esl‘,
661 3021 732 3096 quid
757 3025 783 3081 ei
808 3040 900 3084 curae
924 3025 963 3083 sit
986 3024 1086 3084 dicere
1109 3027 1219 3085 omisit.

144 3233 326 3308 Eiusdem
358 3255 404 3304 ex
431 3230 590 3307 funebri¹
612 3231 649 3302 in
679 3237 845 3302 sanctum
878 3225 1059 3302 Basilium
1089 3232 1261 3321 oratione,

136 3328 139 3333 ’
200 3336 239 3408 in
272 3334 391 3425 illud,
412 3331 493 3423 ,In
523 3331 629 3433 nulla
659 3332 771 3430 igitur
804 3355 843 3406 re
876 3358 922 3406 ex
952 3332 1125 3406 omnibus
1153 3333 1262 3408 aliter

201 3437 335 3512 accidit
369 3438 459 3535 quin
493 3437 761 3510 incrementum
797 3459 920 3530 exeo
956 3437 1055 3534 quod
1089 3435 1263 3510 laudetur

200 3541 376 3639 accipiat.‘
569 3559 571 3567 ’

257 3695 344 3769 Quod
376 3697 443 3771 quis
473 3696 636 3755 honestum
667 3695 786 3768 recipit,
816 3711 869 3768 pro
899 3711 936 3752 eo
966 3697 1088 3753 omnino
1113 3701 1142 3754 et
1165 3695 1262 3753 incre-

145 3789 283 3844 mentum
307 3781 376 3840 lucit
401 3787 431 3840 et
455 3782 498 3841 cis
522 3797 600 3856 quac
625 3780 662 3839 dc
685 3781 744 3838 isto
766 3779 982 3853 praedicantur
1005 3786 1109 3855 aperte
1131 3781 1262 3840 laetatur

145 3876 178 3931 et
206 3870 362 3928 invitatur.
419 3867 560 3928 Laetatur
589 3866 709 3941 quidcrn
734 3870 844 3925 auctus
868 3867 968 3925 animo
991 3871 1024 3925 ιιι
1047 3866 1084 3924 de
1108 3882 1140 3925 re
1164 3871 1260 3943 grata,

145 3955 292 4016 inritatur
328 3969 397 4013 vero
436 3954 474 4014 ad
510 3954 608 4014 maius
640 3954 857 4012 incrementum
888 3951 958 4011 inde
988 3953 1184 4028 capiendum,
1222 3967 1261 4011 ex

146 4041 239 4104 laude
270 4058 306 4102 ea
337 4041 482 4101 maiorem
513 4038 678 4115 impulsum
711 4039 875 4114 accipiens.
927 4038 1078 4110 ‚erarum
1110 4039 1190 4098 enim
1214 4054 1261 4098 re·

146 4133 243 4199 rurn‘,
280 4127 376 4202 lnquit
410 4127 572 4203 magister,
612 4123 735 4195 ,laudes
771 4125 855 4195 novi,
892 4140 996 4183 aarum
1030 4139 1149 4198 quoqne
1179 4123 1259 4184 hami

146 4215 240 4275 dubie
271 4215 455 4273 incrementa
485 4213 644 4288 explorata
668 4210 792 4282 noneo‘,
824 4211 880 4268 linc
903 4216 966 4282 est,
1002 4210 1135 4282 Quarum
1160 4226 1260 4271 rerum

147 4300 257 4360 laudes
288 4301 373 4368 novi,
403 4300 492 4358 etiam
520 4298 677 4358 hominnm
709 4298 757 4371 qui
781 4313 836 4355 aas
861 4296 1012 4371 accipiunt
1034 4297 1197 4358 manifesto
1221 4297 1259 4356 ad

147 4388 289 4446 vinalem
323 4387 510 4446 incremento
544 4386 623 4443 nori.
691 4382 830 4443 Omnium
864 4383 954 4460 igitur
987 4399 1086 4443 rerum
1123 4382 1260 4442 videlicet.
