2768 4784
49 95 122 157 bunc
138 95 350 174 magistrum
364 94 529 174 dicentem,
551 98 785 176 cognoscituros
806 113 862 177 nos
881 99 1064 176 quandoque
1083 115 1194 179 quan-¹

49 187 105 245 tm
132 183 272 261 cogniti
301 198 431 255 sumus,
460 198 532 243 cnm
559 181 705 244 deiforme
718 181 800 256 boc,
830 189 861 244 et
883 184 1019 247 divinum
1041 191 1178 248 nostrum

52 269 185 331 nmmum
218 273 259 329 et
288 268 440 329 rationem
469 268 590 347 proprio
613 269 867 346 admiscebimus,
902 272 1056 351 etimago
1077 288 1181 335 rever·
1231 341 1234 347 Δ
1308 253 1310 258 ’

54 359 122 417 ιιιιιι
153 352 203 415 nd
237 353 415 433 principale
443 355 616 431 exemplum
650 355 737 416 cuius
765 370 848 416 nuno
878 355 972 418 habet
1002 359 1179 436 appetitum.

56 441 92 503 bc
109 457 150 501 eo
173 440 283 518 igitur
306 440 389 515 quod
412 456 471 499 non
494 443 533 500 sit
551 441 709 518 dispertita
726 442 827 501 unitas
844 446 878 501 et
895 443 1048 516 quomodo
1068 460 1180 507 secun·
1278 483 1282 492 ·

57 528 120 588 dnm
139 526 295 587 notitiam
312 541 350 585 ex
366 526 560 601 possibilibus
575 543 657 587 nunc
671 528 759 588 nobis
783 529 952 609 scripturae
973 529 1177 593 intellectibus

57 623 82 676 et
106 612 385 690 disputationibus
416 613 472 673 erit
490 612 661 673 futurorum
684 619 783 674 status
806 613 919 692 dictum
943 621 991 676 ast
1012 616 1184 693 hactenus;·

58 701 90 760 de
116 716 157 760 eo
188 713 273 759 vero
302 697 456 773 quomodo
484 697 557 758 dum
586 715 657 774 pars
687 700 737 760 dei
760 700 857 776 simus
880 717 899 760 a
920 700 978 762 deo
1001 701 1179 765 refluximus

58 786 109 847 iao
130 785 238 859 duce,
271 782 345 844 binc
368 799 539 844 sermonem
559 784 680 847 faciam.
736 783 810 858 Quis
834 787 915 846 enim
936 789 1056 848 ratione
1077 790 1178 853 oonsiz

59 873 170 933 derans
207 877 240 931 et
270 871 420 950 sapientia
443 886 480 930 ea
500 886 580 945 quac
593 876 675 945 ,sunt
697 872 735 931 ab
758 870 899 946 eoquod
922 888 981 932 non
1006 879 1055 935 est
1077 890 1097 934 a
1119 874 1178 936 deo

58 961 84 1017 iu
102 956 138 1017 id
162 955 254 1033 quod
278 960 326 1016 est
346 954 541 1031 transducta,
570 957 598 1014 si
618 973 674 1031 per
694 955 864 1017 naturalem
883 973 988 1020 eornm
1008 965 1178 1034 quaesunt

58 1044 211 1104 inlinitum
234 1039 435 1102 differentiam
459 1046 489 1101 et
507 1043 688 1103 varietatem
710 1042 874 1118 prudenter
896 1046 1016 1106 animae
1040 1050 1177 1107 contem-

57 1130 212 1206 plativrun
240 1126 422 1199 adduceret,
456 1132 487 1187 et
513 1129 687 1214 inquisitiva
716 1128 962 1190 condiscerneret
983 1131 1099 1192 ratione
1121 1149 1176 1208 per

56 1207 314 1292 intelligentiam,
337 1207 520 1274 secundum
529 1231 619 1290 quam
642 1219 744 1274 creata
762 1221 834 1275 sunt
851 1231 993 1288 causam,
1015 1235 1077 1278 non
1097 1219 1175 1279 mul·
1218 1289 1220 1295 ¹

57 1309 104 1363 tas
138 1306 349 1379 cognosceret
370 1315 482 1360 causas
504 1315 598 1360 unam
621 1316 747 1361 causam
771 1316 876 1362 eorum
900 1316 977 1376 quae
998 1303 1081 1364 lacte
1103 1309 1177 1365 sunt
1226 1376 1228 1380 ¹

57 1386 341 1464 ¹⁴inseparabiliter
362 1386 594 1447 cumdiscretam
617 1383 818 1447 differentiam
839 1404 895 1464 per
916 1405 1022 1450 eornm
1044 1395 1074 1451 et
1097 1391 1176 1452 inter

56 1491 91 1535 se
121 1473 259 1533 invicem
288 1478 319 1533 ct
348 1487 384 1531 se
410 1473 480 1549 ipsa
506 1471 700 1533 inconfusam
729 1473 961 1548 proprietatem:
1002 1480 1032 1536 et
1063 1477 1173 1539 iterum

58 1577 154 1622 unam
187 1558 319 1631 mrrltas,
349 1559 485 1618 omniurn
515 1557 555 1618 ad
584 1555 685 1618 ¹⁵eam
716 1559 864 1621 relatione
894 1577 948 1636 per
978 1557 1044 1620 1ἐι
1073 1564 1174 1638 ipsum

57 1645 227 1709 inconfusa
268 1644 442 1722 subsistens
480 1661 577 1705 unum
591 1677 605 1688 -
620 1644 787 1706 essentiale
829 1652 860 1706 et
890 1663 987 1707 unum
1003 1649 1175 1709 -substan-

58 1733 133 1795 nate
152 1731 207 1793 dci
229 1735 261 1791 ct
281 1731 376 1807 patris
398 1731 490 1792 deum
511 1731 646 1808 verbum·
660 1731 767 1791 merito
790 1733 970 1808 principium
996 1737 1026 1794 et
1047 1750 1173 1795 causam

59 1820 219 1890 omnium,
257 1816 305 1893 ,iu
329 1831 395 1892 nuo
425 1821 529 1879 creata
551 1822 624 1878 sunt
645 1817 748 1877 omnia
770 1832 850 1892 quae
872 1819 903 1877 in
926 1819 1019 1878 caelis
1042 1825 1174 1896 atquae

59 1909 89 1966 in
111 1910 202 1967 tarra
224 1903 289 1964 sive
311 1903 457 1982 ¹visibilia,
480 1905 545 1963 siva
566 1903 744 1974 invisibilia,
768 1904 834 1965 sivo
851 1904 970 1976 throni,
993 1906 1058 1964 sive
1078 1906 1175 1968 domi-

61 1992 223 2061 nationes,
253 1990 318 2050 sive
347 1990 551 2066 principatus,
583 1990 648 2049 sive
675 1993 860 2065 potestates,
895 1991 997 2051 omnia
1025 2008 1064 2051 ex
1095 1994 1174 2069 ipso,

60 2084 89 2139 ct
115 2094 176 2155 par
206 2077 323 2152 ipsum,
351 2082 381 2137 et
408 2077 439 2136 in
461 2075 529 2152 ip'so
552 2080 655 2136 creata
677 2079 771 2136 ειιιιι.ι
823 2076 941 2137 Causas
965 2078 1045 2137 enim
1069 2093 1175 2139 eorum

61 2181 142 2242 quae
162 2164 248 2225 tacta
271 2167 344 2222 snut
364 2161 484 2223 habens
508 2166 580 2223 ante
601 2161 726 2222 saecula
744 2165 1000 2237 praesubstitutas
1018 2164 1175 2224 voluntate

61 2254 140 2311 bona
172 2248 343 2311 secundum
370 2265 424 2309 eas
448 2247 597 2309 visibilem
619 2252 650 2308 et
669 2247 851 2308 invisibilem
874 2266 913 2310 ex
936 2266 998 2308 non
1022 2250 1174 2312 existente

62 2336 221 2399 substituit
244 2339 414 2396 creaturam
437 2336 554 2396 ratione
576 2339 607 2394 et
629 2336 780 2411 sapientia
802 2336 904 2396 omnia
927 2335 1096 2396 secundum
1118 2354 1174 2413 op-

61 2427 228 2499 portunum
258 2426 378 2496 tempus
401 2428 431 2481 et
452 2422 524 2482 lecit
546 2421 683 2491 etfacit,
713 2425 744 2479 et
766 2435 844 2495 quae
866 2422 1080 2483 universaliter
1102 2428 1174 2485 sunt

61 2515 91 2569 et
108 2523 192 2586 qnae
211 2522 266 2584 per
283 2506 415 2584 singula.
460 2508 591 2568 Causam
610 2508 691 2567 enim
711 2507 889 2584 angelormn
907 2510 1071 2580 creationis
1085 2525 1173 2586 prac-

63 2596 194 2657 dnxisse
208 2593 363 2654 oredimus
382 2604 508 2654 causam
527 2594 766 2668 uniuscuiusque
784 2595 999 2671 complentium
1016 2595 1172 2671 mundum,

63 2682 112 2757 qni
135 2696 310 2756 supernos
334 2684 395 2750 est,
429 2681 632 2741 essentiarum
656 2684 686 2738 et
708 2680 868 2756 virtutum;
904 2683 1053 2743 rationem
1074 2681 1174 2742 bomi-

63 2784 136 2829 num
156 2767 310 2828 rationam
331 2767 575 2842 uniuscuiusque
597 2765 712 2825 endec
732 2781 802 2825 esse
814 2768 1037 2843 accipientium,
1049 2773 1093 2828 ¹ut
1110 2784 1172 2829 uon

63 2871 116 2930 per
137 2852 265 2930 singula
287 2852 397 2925 dicam,
421 2853 569 2927 siquidem
588 2851 656 2928 ipse
675 2851 791 2922 infinite
808 2867 862 2926 per
881 2870 916 2914 se
928 2855 1029 2928 ipsum
1048 2870 1173 2930 supere-

63 2940 212 3002 minentia
233 2938 306 2999 dum
328 2938 370 2998 sit
389 2937 549 3000 ineffabilis
569 2944 599 2998 et
617 2937 861 3016 inintelligibilis,
886 2943 916 3000 et
934 2940 1033 3000 omnis
1052 2956 1174 3001 summa
1240 2961 1243 2971 ·

62 3033 224 3091 menturae
246 3029 277 3085 et
297 3025 455 3085 existentis
478 3041 533 3101 per
555 3041 591 3085 se
612 3025 710 3100 ipsam
724 3030 764 3087 ¹et
785 3025 958 3087 intellectae
986 3024 1174 3096 differentiae

63 3121 92 3174 et
113 3111 327 3183 discretionis,
351 3127 386 3170 se
408 3112 511 3187 ipsum
533 3112 562 3171 in
586 3112 743 3182 omnibus,
767 3124 846 3184 quae
868 3129 906 3172 ex
930 3127 967 3172 eo
990 3117 1080 3183 sunt,
1109 3113 1174 3172 sin·

61 3199 205 3278 gniorum
234 3196 408 3274 analogiam
438 3199 517 3257 bene
547 3213 584 3256 ac
606 3195 732 3273 pulchre
755 3195 954 3259 ¹⁷ostendens
978 3204 1008 3258 et
1029 3198 1174 3275 multipli-

63 3302 157 3358 cans,
191 3289 223 3344 et
251 3284 282 3343 in
306 3299 342 3343 se
364 3283 464 3360 ipsum
486 3284 590 3343 omnia
610 3283 831 3360 recapitulans,
860 3289 1026 3360 perquem
1049 3289 1080 3345 et
1101 3300 1172 3347 esse

62 3377 90 3431 et
118 3385 321 3448 permanere,
355 3374 386 3429 et
415 3386 454 3428 ex
483 3384 542 3444 quo
572 3384 650 3444 quae
680 3369 783 3446 genita
812 3376 885 3430 sunt
914 3377 944 3431 et
964 3370 1120 3432 manentia
1141 3375 1172 3432 et

64 3463 146 3519 mota
176 3455 359 3532 participant
387 3454 487 3516 deum
546 3453 653 3514 Omnia
682 3456 764 3514 enim
793 3457 986 3533 participant,
1023 3473 1060 3516 eo
1089 3456 1170 3532 quod

64 3561 100 3604 cn
115 3542 179 3604 deo
197 3541 280 3602 lacta
299 3546 386 3611 sunt,
409 3527 672 3642 proportionaliter
690 3541 798 3612 deum,
821 3543 886 3603 sive
900 3558 954 3619 per
975 3543 1169 3620 intellectum,

27 3629 316 3699 strenationem,
339 3628 404 3687 siva
427 3643 570 3703 sensum,
594 3629 659 3688 sive
681 3633 797 3689 motum
820 3628 957 3700 vitatem,
979 3630 1045 3691 sive
1062 3646 1171 3692 essen-

24 3700 30 3809 }
66 3715 162 3777 ictam
193 3719 226 3775 et
246 3712 382 3774 habitum
405 3715 676 3790 opportunitatem,
706 3719 740 3774 ut
762 3730 874 3791 magno
896 3721 927 3776 ci
949 3713 1050 3776 (livino
1072 3719 1172 3778 maui-

10 3812 32 3921 ¹i
131 3881 173 3932 14„
199 3878 302 3930 Mallem
326 3880 491 3943 indivisim,
517 3871 689 3944 ddiccrpa‘zrom·
719 3880 958 3940 corrrdiscretnm,
989 3881 1044 3933 i..e
1070 3882 1171 3933 coeni-

30 3942 33 3963 ¹
70 3953 192 4001 rientem.
220 3945 317 4013 (Gale)
378 3948 418 4001 lb.
439 3948 509 4014 Lege
528 3962 599 3999 earn.
626 3946 719 4011 (tiata)
784 3948 824 4000 16.
843 3949 918 4014 Legit
936 3914 1030 4000 S⁹cotns
1052 3944 1087 4000 dr
1105 3947 1170 4000 ἑαυ-

11 4061 15 4066 .
71 4014 126 4082 τὸν,
144 4017 218 4152 {norff
229 4017 326 4149 probo.
346 4015 475 4082 (Gale.)
502 4018 541 4069 17.
561 4017 638 4067 Verte
654 4019 867 4082 pertransiens.
896 4017 994 4071 Graece
1010 4013 1168 4088 drrnrotpr-

33 4100 102 4183 ἱ
73 4101 121 4139 ιιι.
212 4102 227 4137 a

35 4234 43 4283 1

34 4294 38 4407 i
