2752 4778
1179 139 1226 215 bt

122 325 395 403 peressentiule,
432 339 534 401 neque
563 341 581 382 a
605 323 735 399 quodam
759 324 822 384 ullo
845 322 988 385 modain
1013 324 1115 399 aliquo
1129 326 1231 402 ‘porli-

120 418 247 489 patur,
282 411 397 474 multae
418 425 534 470 causae
555 426 620 470 uua
642 425 738 471 causa
761 416 825 485 est,
849 415 880 468 et
902 425 965 468 una
986 410 1109 481 multae.
1154 411 1230 474 Nam

120 499 286 560 cundum
315 499 428 558 bonam
458 513 496 556 ac
523 495 683 570 pulchram
706 497 737 555 in
761 513 799 555 ea
821 511 901 571 quae
923 502 997 556 sunt
1017 498 1110 575 unius
1132 503 1164 558 et
1184 497 1232 558 fa-

120 587 235 646 ricem
261 591 294 644 et
316 583 567 644 continuatricem
588 584 816 658 processionem
838 581 953 642 multae
974 598 1054 643 una:
1085 599 1139 659 per
1156 600 1230 644 vero

148 687 267 733 unum
290 670 456 731 multorum
476 671 704 730 conversoriam
725 675 755 728 et
772 668 1032 729 manuductricem
1050 670 1230 730 relationem

120 800 124 816 .
146 757 410 835 providentiam,
441 753 526 814 velut
548 755 579 813 in
603 755 784 831 principium
806 755 999 831 omnipotens
1021 759 1076 816 aut
1093 761 1229 817 centrum

120 849 268 905 letarum
299 859 338 901 ex
361 858 400 901 eo
419 841 570 900 linearum
591 843 739 917 principia
762 840 972 916 perambiens‚
1003 846 1034 900 et
1056 844 1101 901 sic
1121 858 1230 903 omnes

120 944 329 1008 ›ngregans,
358 943 421 988 una
451 927 575 987 multae.
628 926 700 987 Pars
723 928 815 1004 igitur
838 942 946 987 sumus
969 931 1000 986 et
1021 927 1149 988 dicimur
1172 928 1231 998 dei,

120 1032 132 1075 ›
173 1014 270 1091 quod
305 1014 462 1074 essentiae
500 1012 629 1072 nostrae
658 1014 791 1074 rationes
821 1014 852 1071 in
881 1011 939 1071 deo
969 1016 1230 1088 praesubstitutae

121 1106 180 1177 nt3
224 1101 361 1161 fluentes
390 1114 463 1159 vern
492 1099 659 1171 desursum
686 1101 794 1159 iterum
824 1099 966 1169 dicimur,
1005 1115 1041 1158 en
1064 1101 1145 1175 qnod
1169 1118 1230 1162 non

120 1186 289 1248 reundum
324 1187 355 1244 in
387 1185 446 1263 den
474 1186 767 1261 praesubsistentem
799 1201 924 1245 eausam
953 1199 1008 1260 per
1038 1200 1130 1260 quam
1160 1187 1231 1248 lacti

120 1289 221 1334 rmus
248 1272 324 1331 moti
343 1271 467 1330 fuimus.
514 1269 692 1331 Secundum
715 1272 842 1331 alterum
861 1285 982 1346 qunque
999 1272 1123 1332 modum
1142 1272 1230 1334 facile

120 1365 147 1420 st
184 1359 244 1437 pie
274 1372 380 1417 amare
408 1373 515 1417 eorum
546 1370 625 1431 quae
648 1362 724 1417 sunt
746 1373 872 1417 causam
896 1357 1015 1417 erudito
1039 1358 1077 1418 de
1099 1358 1159 1419 boc
1179 1375 1231 1420 rn-

120 1461 228 1507 onem
245 1457 436 1520 percurrere.
482 1441 516 1501 Si
533 1444 615 1502 enim
634 1445 799 1504 essentiam
817 1444 981 1518 unicuique
997 1444 1116 1504 virtutis
1132 1462 1230 1507 unum

120 1531 287 1593 absistere
317 1528 366 1588 dei
395 1529 524 1589 verbum
555 1545 617 1588 non
640 1529 797 1590 dubitatur
826 1526 913 1610 (nam
935 1531 1074 1591 essentia
1095 1532 1231 1592 omnium

120 1621 265 1678 irtutum
285 1615 353 1690 ipse
375 1621 423 1674 est
444 1614 587 1674 dominus
610 1620 715 1675 noster
738 1621 769 1675 et
790 1616 868 1675 deus
886 1615 973 1676 lesus
992 1617 1147 1692 Christus,
1171 1619 1231 1677 sic-

120 1710 133 1764 t
168 1704 329 1778 scriptum
358 1706 422 1776 est,
463 1700 536 1774 ,Qui
564 1701 665 1760 factus
694 1706 742 1762 est
769 1703 858 1762 nobis
887 1719 906 1761 a
934 1701 991 1761 deo
1021 1705 1172 1779 sapientia
1201 1711 1231 1766 et

120 1791 226 1851 ustitia
251 1792 283 1847 et
304 1787 505 1846 sanctificatio
528 1793 559 1847 et
580 1787 748 1863 redemptio
757 1795 775 1862 ‘,
798 1788 933 1864 prolecto
951 1788 1030 1849 baec
1050 1805 1131 1865 qnae
1150 1790 1232 1851 dicta

120 1881 180 1938 unt
207 1872 352 1934 absolute
372 1873 403 1931 in
427 1888 461 1932 se
483 1875 550 1948 ipso
573 1873 685 1943 habet,
713 1876 779 1935 iure
803 1876 853 1948 qui
876 1878 924 1934 est
944 1890 1000 1950 per
1023 1893 1058 1936 se
1080 1878 1231 1954 sapientia

120 1968 132 2022 t
155 1959 285 2022 iustitia
306 1965 338 2019 et
359 1959 524 2032 sanctitas,
553 1965 584 2018 et
602 1975 663 2019 non
687 1961 766 2020 sicut
788 1961 820 2018 in
843 1961 931 2019 nobis
954 1979 1023 2021 cum
1045 1962 1232 2034 delinitione,

120 2048 196 2110 erbi
229 2045 345 2122 gratim
380 2045 459 2104 sieut
488 2046 611 2119 sapiens
640 2044 733 2106 bomo
762 2051 815 2105 aut
841 2046 942 2106 iustus
971 2048 1093 2126 homntz
1130 2051 1230 2110 omnis

121 2132 250 2195 roiectn
279 2129 372 2190 hnmo
402 2132 540 2190 virtutem
570 2131 742 2192 secundum
763 2132 902 2192 habitum
924 2133 1018 2193 fixum
1041 2135 1227 2212 participans

120 2221 174 2279 ine
206 2217 408 2294 ambiguitate
436 2216 529 2277 deum
556 2218 734 2295 participat,
767 2219 934 2278 essentiam
962 2221 1107 2281 virtutum
1132 2223 1226 2282 veluti

121 2303 267 2368 aturalis
295 2318 402 2363 semen
431 2304 504 2363 boni
529 2302 659 2364 fideliter
685 2321 740 2381 per
767 2305 954 2364 voluntatem
985 2305 1106 2382 colens,
1143 2313 1174 2368 et
1194 2308 1226 2368 id

120 2408 212 2467 nsum
251 2388 418 2449 ostendens
451 2388 599 2465 principio
627 2390 720 2451 linem
750 2396 781 2450 et
809 2389 989 2467 principium
1019 2393 1087 2469 lini,
1124 2396 1225 2473 magis

120 2493 183 2539 ero
207 2475 241 2536 id
263 2476 365 2550 ipsum
388 2475 571 2551 principium
594 2493 665 2537 esse
688 2482 719 2537 et
739 2477 848 2548 finem,
871 2480 959 2552 quasi
981 2496 1111 2541 secums
1134 2481 1226 2543 deum

120 2563 307 2626 onstitnens
329 2562 540 2636 concinnatam
571 2562 722 2637 siquidem
743 2564 907 2624 universae
929 2566 973 2626 rei
995 2567 1173 2644 principium
1196 2575 1227 2628 et

120 2666 204 2712 ‚nem
228 2648 332 2723 quiin
355 2663 389 2706 se
410 2649 479 2723 ipso
503 2648 602 2724 videt,
626 2650 798 2709 subsistere
820 2651 929 2710 credit:
959 2653 1137 2730 principium
1160 2655 1226 2730 qui·

120 2752 199 2811 em,
233 2735 321 2810 quasi
350 2732 422 2805 inde
451 2735 605 2809 accipiens
635 2741 666 2794 et
693 2737 861 2796 essentiam
891 2754 945 2813 per
967 2741 1226 2817 participationem

120 2820 256 2886 nturale
284 2821 416 2890 bonum,
450 2820 542 2880 linem
572 2837 644 2882 vern
674 2822 766 2881 veluti
799 2838 854 2899 per
888 2825 1095 2901 cognitionem
1128 2828 1225 2904 ipsius

120 2907 253 2984 ›rincipii
282 2913 314 2966 et
341 2905 524 2981 appetitum,
555 2906 741 2968 laudabilem
769 2908 808 2967 ad
832 2910 933 2984 ipsum
956 2912 1022 2970 sine
1045 2930 1148 2974 errore
1170 2915 1226 2975 du-

120 3000 234 3057 entem
256 3008 327 3051 cum
348 2991 540 3052 testinatione
563 2994 723 3069 perliniens
746 3011 886 3068 cursum,
909 3012 964 3072 per
986 3014 1077 3072 quem
1098 3000 1131 3060 tit
1148 3001 1225 3061 deus

121 3100 145 3143 x
169 3079 251 3151 deo,
274 3077 350 3138 deus
372 3094 444 3138 esse
467 3080 639 3154 accipiens;
661 3082 768 3140 merito
792 3081 961 3142 secundum
984 3085 1148 3162 imaginem
1171 3103 1225 3146 na-

120 3165 201 3230 arali
229 3165 313 3225 bnnn
342 3163 498 3225 voluntate
525 3183 581 3241 per
608 3168 735 3227 virtutes
765 3166 885 3227 addens
915 3169 1142 3232 similitudinem
1170 3189 1225 3249 per

120 3255 238 3315 nsitam
261 3250 302 3311 ad
323 3251 477 3326 proprium
500 3252 679 3329 principium
698 3254 914 3313 ascensionem
932 3262 962 3316 el
979 3257 1225 3319 familiaritatem.

120 3336 310 3414 itimpletur
328 3336 366 3397 de
384 3342 484 3396 cetero
502 3337 611 3413 inipso
624 3339 812 3415 apostolicus
825 3356 942 3416 sermo,
967 3342 1090 3423 dicens,
1112 3342 1145 3402 ln
1157 3345 1225 3420 ipso

120 3427 192 3487 ,nim
223 3423 355 3484 dumus
384 3427 415 3482 et
442 3438 600 3485 movemur
629 3432 659 3485 et
686 3429 825 3486 sumus·
863 3422 906 3484 lit
934 3430 1066 3489 enimin
1089 3430 1147 3491 deo
1170 3448 1225 3506 per

120 3507 328 3573 rxcellentlam
357 3511 643 3572 ante-existentem
672 3513 703 3571 in
737 3512 794 3573 deo
818 3514 970 3574 essentiae
992 3517 1141 3576 rationem
1162 3533 1222 3578 nnn

120 3610 330 3672 orrumpens‚
366 3601 396 3655 el
424 3601 564 3657 movetur
592 3599 622 3656 in
654 3598 712 3658 deo
741 3599 911 3659 secundum
936 3604 1170 3679 praecedentem
1192 3605 1222 3664 in

120 3684 168 3746 teo
192 3683 275 3743 bene
296 3696 368 3742 esse
390 3683 539 3742 rationem
561 3700 615 3758 per
637 3684 764 3745 virtutes
790 3701 938 3762 operans,
970 3694 1001 3748 et
1017 3690 1091 3750 vivit
1112 3691 1141 3748 in
1164 3689 1223 3751 den

120 3767 286 3831 ecundum
313 3768 548 3846 praecedentem
577 3771 607 3829 in
638 3771 696 3831 den
725 3788 847 3848 semper
870 3788 943 3834 esse
964 3776 1124 3836 rationem.
1168 3774 1224 3838 llic

120 3853 236 3932 [uidem
264 3853 327 3914 iam
355 3855 526 3915 secundum
554 3856 775 3932 impassibilem
800 3857 891 3917 valde
912 3858 1048 3921 habitum
1070 3862 1222 3939 idipsum

120 3942 236 4003 tibimet
264 3945 297 4000 et
324 3939 579 4002 incommotabilis
609 3948 671 4002 est:
711 3944 741 4002 in
764 3943 864 4004 buturo
887 3962 960 4006 vern
983 3947 1087 4009 seculo
1111 3965 1224 4011 secun·

120 4026 186 4089 lum
217 4024 320 4085 datam
346 4025 485 4098 theosin,
512 4028 542 4088 id
572 4036 620 4089 est
648 4030 886 4101 deificationem,
916 4035 1089 4110 praedictas
1110 4037 1142 4095 in
1164 4037 1222 4097 deo

120 4110 331 4174 comendentes
355 4129 483 4187 causas,
516 4117 614 4192 magis
636 4121 737 4178 autem
760 4118 869 4188 deum,
897 4119 928 4178 in
952 4135 1011 4195 quo
1034 4139 1148 4184 causae
1168 4124 1223 4183 bn-

120 4311 161 4363 33.
178 4309 258 4378 φύσει
278 4312 424 4364 nonhabet
443 4313 486 4362 ed.
504 4313 560 4364 Gal.
614 4315 656 4367 34.
677 4310 808 4374 διανύσας
827 4317 869 4369 cd.
888 4317 943 4368 tial.
996 4319 1039 4371 35.
1057 4316 1087 4370 ιό
1107 4322 1148 4371 ed.
1164 4323 1219 4375 tial.
