2768 4784
1167 226 1245 305 ,314

122 396 199 465 rum
224 405 527 480 mysteriosiasimum
550 409 599 464 est
620 404 744 480 Christi,
777 406 859 479 quod
887 407 990 481 utique
1019 410 1101 468 omni
1132 425 1246 470 secun·

124 490 206 551 dum
238 506 361 563 ornnem
382 490 569 567 intellectum
593 490 641 550 vel
663 492 806 551 existenti
830 492 879 550 vel
901 494 1051 554 extiturae
1072 495 1247 570 perfectioni

128 576 247 637 limites
269 577 414 661 imponit,
444 576 586 652 quodque
608 577 742 638 omniurn
765 577 891 637 limitum
915 594 952 638 ac
974 579 1078 640 finium
1101 581 1246 657 repagula

131 661 385 741 supergreditur,
407 661 467 723 lroc
488 678 562 721 vero
584 665 762 738 mysterium
785 659 855 723 cum
877 665 1036 726 incarnato
1058 681 1095 725 ac
1116 667 1247 742 perlecta

131 749 262 808 tramine
291 746 338 808 dei
367 749 460 809 verbo
482 754 513 808 et
535 764 606 808 esse
628 755 658 809 et
679 750 812 811 existere
834 765 946 825 corpus
969 751 1060 812 docet
1082 752 1120 812 de
1142 757 1248 813 nostru
1340 762 1342 766 “

133 849 232 894 carne
261 833 462 908 desumptum·
487 840 578 909 atque
607 835 694 894 nobis
723 835 943 913 coessentiale,
973 839 1091 897 unitum
1118 838 1176 913 ipsi
1199 854 1248 898 se·

133 918 272 981 cundum
303 921 525 992 substantiam,
556 937 624 981 cum
656 937 715 996 quo
744 926 773 981 et
803 928 983 997 assumptus
1013 928 1061 984 est
1081 924 1112 982 in
1133 923 1247 999 caelos,

133 1020 231 1082 supra
258 1020 381 1065 ornnem
410 1008 611 1082 principatum
642 1012 672 1066 et
700 1012 883 1082 potestatem
906 1014 935 1068 et
958 1010 1097 1068 virtutem
1120 1025 1249 1069 nomen-

133 1107 196 1166 que
225 1090 430 1165 quodcunque
459 1093 648 1167 nominatur,
678 1108 738 1152 non
768 1093 856 1152 modo
885 1094 915 1151 in
938 1093 998 1153 hoc
1019 1094 1161 1165 saeculo,
1191 1095 1246 1154 sed

133 1178 227 1255 etiarn
257 1177 291 1235 in
323 1175 440 1250 futuro,
483 1184 576 1253 atque
605 1194 675 1238 curn
705 1179 762 1238 deo
792 1184 885 1253 atque
912 1185 997 1254 patre
1026 1196 1107 1240 nunc
1136 1185 1167 1238 et
1195 1196 1249 1255 per

133 1262 332 1324 interminata
362 1264 486 1324 saecula
514 1265 617 1339 sedet,
652 1281 759 1324 omnes
782 1270 995 1342 transgressus
1016 1266 1121 1326 caelos
1143 1271 1174 1325 et
1195 1281 1247 1325 su-

133 1349 237 1425 perior
265 1349 406 1409 omnibus
434 1349 548 1420 iactus,
582 1357 613 1410 et
640 1366 746 1411 rursus
775 1352 890 1426 veniet,
924 1356 958 1410 ut
986 1352 1128 1411 reformet
1156 1357 1248 1424 atque

132 1437 284 1495 instauret
313 1436 489 1495 universum
518 1441 703 1510 nostrasque
730 1437 851 1496 animas
873 1437 978 1496 salvas
999 1437 1107 1497 reddat
1130 1441 1161 1496 et
1182 1453 1248 1496 cor-

133 1536 231 1599 pora,
264 1521 343 1581 sicut
372 1521 556 1582 credidimus
587 1528 616 1581 et
646 1521 797 1582 credimus
826 1538 1008 1599 semperque
1036 1524 1153 1583 utinam
1183 1537 1248 1581 cre-

132 1606 210 1669 dere
232 1620 483 1681 perseveremus,
504 1640 548 1653 —
574 1610 642 1683 quis
664 1616 726 1669 tam
750 1615 798 1669 est
819 1611 999 1670 temerarius
1021 1613 1112 1683 atque
1134 1607 1248 1680 audax,

132 1693 301 1767 solumque
325 1692 497 1766 petulanter
517 1694 666 1754 adversus
689 1695 856 1769 conspicue
876 1701 906 1754 et
927 1697 1091 1755 manifesta
1111 1693 1249 1771 litigandi

132 1793 273 1859 gnarus,
316 1784 349 1838 ut
377 1778 427 1838 vel
456 1780 562 1841 leviter
590 1781 703 1857 cogitet
731 1796 858 1857 corpora
888 1780 927 1839 ad
956 1799 1017 1842 non
1030 1780 1249 1840 -existentiam

131 1879 275 1939 nuquam
298 1865 478 1936 transitura,
508 1867 592 1926 iuxta
614 1867 782 1940 proiectum
804 1867 833 1924 in
856 1867 887 1925 id
910 1868 990 1941 quod
1012 1866 1178 1943 perlectum
1201 1870 1250 1925 est

131 1951 255 2011 entium
277 1950 485 2025 rationalium,
516 1956 550 2010 ut
572 1953 629 2026 ipsi
653 1951 832 2027 loquuntur,
864 1953 891 2010 si
914 1952 1004 2012 modo
1027 1951 1131 2011 credat
1152 1950 1248 2010 domi-

132 2052 211 2097 num
240 2050 279 2094 ac
307 2036 398 2096 deum
426 2038 637 2096 universorum
669 2053 737 2113 cum
767 2053 894 2111 corpore
916 2053 987 2096 esse
1010 2043 1040 2097 et
1061 2052 1144 2095 nunc
1165 2041 1196 2094 et
1216 2036 1247 2092 in

129 2124 333 2199 perpetuum,
368 2122 418 2196 qui
448 2123 540 2182 etiam
569 2122 636 2182 aliis
663 2122 840 2198 proficiendi
868 2122 1044 2182 facultatem
1065 2121 1249 2196 potentiam-

130 2223 198 2285 que
227 2206 372 2283 largitur,
401 2209 514 2282 quique
543 2224 649 2278 omnes
680 2209 719 2268 ed
748 2209 898 2284 propriam
927 2208 1071 2284 gloriam,
1098 2211 1247 2282 quantum

131 2293 203 2355 ueri
225 2297 343 2367 potest,
372 2294 482 2354 virtute
503 2295 723 2355 iucarnationis
745 2294 871 2354 adducit
892 2300 923 2354 et
943 2296 1105 2370 provocat,
1137 2297 1171 2352 nt
1192 2307 1248 2352 au·

131 2384 256 2440 ctorem
278 2377 387 2438 salutis
411 2379 563 2450 omnium,
585 2385 615 2439 et
636 2381 686 2456 qni
703 2381 837 2441 omniurn
856 2380 1008 2440 emaculet
1024 2377 1155 2440 sordes?
1188 2375 1248 2437 Sed

131 2478 242 2540 neque
272 2464 311 2523 ab
340 2463 399 2523 illis
426 2470 461 2524 ut
487 2466 713 2541 exemplaribus
742 2482 818 2526 suae
841 2466 1050 2541 perfectionis,
1078 2466 1106 2523 si
1127 2462 1247 2539 quidem

131 2560 268 2628 prorsus
298 2548 359 2610 hoc
387 2550 434 2611 vel
464 2553 599 2628 cogitare
620 2553 772 2626 audeant,
801 2551 955 2611 inducitur
977 2552 1015 2612 ad
1038 2551 1180 2625 corporis»
1195 2548 1249 2608 da·

130 2637 331 2715 positionem.
397 2634 463 2695 Non
499 2639 579 2697 enim
613 2639 680 2698 aliis
715 2638 891 2714 obsequitur
917 2637 1111 2714 perfectionis
1139 2635 1248 2712 gratim

131 2737 239 2799 neque
269 2737 324 2796 per
351 2721 521 2797 proiectum
551 2723 621 2797 quid
651 2716 691 2784 sit
717 2725 881 2799 perlectum
912 2725 1069 2801 agnoscit,
1102 2723 1169 2797 ipse
1198 2721 1248 2796 qui

132 2809 224 2869 solus
255 2811 364 2869 natura
392 2813 439 2867 est
468 2809 709 2884 perfectissimus
737 2812 897 2885 omnisque
918 2809 1111 2886 perfectionis
1133 2812 1250 2877 auctor,

132 2909 240 2970 nequa
270 2908 340 2953 curn
369 2893 436 2953 aliis
464 2895 668 2969 praestolatus
694 2900 729 2956 ut
751 2895 832 2971 quod
854 2896 1021 2971 perlectum
1044 2900 1093 2955 est
1114 2894 1250 2970 recipiat,

134 2979 316 3041 nullatenus
350 2980 441 3050 nulli,
479 2985 626 3055 quotquot
655 2981 809 3055 existunt,
846 2982 952 3041 similis
986 2983 1123 3042 existens
1150 2981 1180 3038 in
1212 2995 1249 3039 eo

135 3063 380 3143 quodindigeat
401 3065 555 3142 profectu,
590 3070 624 3125 ut
646 3072 676 3126 et
697 3067 763 3141 lpse
785 3071 849 3126 tum
873 3068 1008 3142 corporis
1031 3072 1174 3126 naturam
1197 3064 1250 3123 de-

135 3156 251 3227 ponat,
285 3150 409 3224 quando
436 3152 559 3227 reliquis
588 3167 728 3213 summus
749 3152 903 3229 proiectus
927 3152 1061 3227 corporis
1083 3149 1249 3224 depositio-

137 3252 209 3298 nem
241 3236 396 3297 conciliet..
448 3234 602 3312 Siquidem
631 3237 713 3298 haud
744 3238 872 3314 amplius
903 3237 966 3298 dux
987 3240 1017 3296 et
1040 3235 1176 3296 salvator
1197 3248 1250 3293 eo-
1347 3267 1350 3271 -

136 3338 207 3383 rum
225 3323 278 3396 qui
296 3322 455 3382 salvantur
472 3328 571 3393 esset,
594 3325 705 3401 quippe
723 3325 774 3399 qui
792 3325 883 3385 dnem
901 3322 1094 3400 perfectionis
1113 3326 1248 3380 nostrum

136 3408 270 3485 mystice
291 3407 321 3466 in
347 3409 511 3483 semetipso
535 3409 629 3470 semel
652 3426 713 3469 non
739 3410 922 3479 ostenderit,
958 3408 1012 3468 sed
1037 3422 1142 3467 eorum
1166 3421 1249 3466 unus

137 3494 232 3555 ettam
253 3493 320 3568 ipse
342 3498 484 3554 cernetur
507 3495 557 3569 qui
580 3496 739 3556 salvantur
761 3501 792 3556 et
813 3496 851 3556 ab
871 3495 932 3557 alio
950 3499 1115 3571 reguntur,
1138 3492 1250 3565 quique

137 3577 278 3656 indigent
308 3577 404 3639 altero
438 3581 487 3654 qui
514 3581 656 3641 ostendat
677 3584 708 3640 in
728 3583 835 3657 'seipso
857 3581 1073 3656 perlectionem
1094 3580 1186 3637 istam
1210 3574 1249 3635 ad

139 3676 234 3738 quam
263 3678 372 3724 ornnes
402 3666 452 3739 qui
480 3667 609 3726 rationis
637 3672 749 3727 natura
772 3672 847 3727 sunt
866 3667 1029 3742 participes
1052 3661 1249 3724 contendunt.

138 3746 205 3808 lion
229 3749 271 3809 ita
294 3748 372 3808 haec
393 3765 444 3809 res
467 3767 502 3811 se
523 3752 625 3813 habet.
679 3753 735 3824 Qui
759 3750 863 3812 enimi
906 3751 969 3812 Nec
992 3751 1126 3810 veritatis
1149 3762 1250 3808 serruo

138 3834 213 3895 talia
236 3834 374 3895 dicentes
397 3835 514 3896 tolerat.
559 3838 721 3897 Auctorem
742 3839 822 3897 enirn
846 3842 876 3896 et
898 3840 1176 3897 consummatorem
1198 3847 1251 3892 sn-

136 3919 212 3981 iutls
243 3924 369 3980 nostrae
398 3923 497 3997 ipsum
522 3922 655 3999 appellat.
677 3923 798 3982 divinus
820 3923 996 3998 apostolus,
1026 3925 1130 3997 utpote
1151 3920 1251 3978 incar·

137 4170 183 4222 4ο.
204 4159 277 4216 οὕτω
296 4166 338 4218 ed.
355 4165 418 4218 Gall.
471 4167 512 4216 41.
532 4163 677 4231 προπετῶς
693 4160 784 4231 μόνον
803 4158 881 4220 εἰδώς
898 4164 940 4213 ed.
954 4162 1018 4216 Gall.
1070 4163 1111 4213 42.
1131 4156 1191 4224 ἥξιν
1208 4162 1249 4216 ed.

139 4235 217 4298 dati..
248 4235 296 4285 aed
315 4234 444 4286 emendat.
464 4234 489 4283 in
508 4242 595 4288 annot.
648 4232 691 4285 43.
709 4226 930 4297 ἄνακαθάραντα
949 4230 989 4282 ed.
1010 4231 1075 4282 Gall.
1126 4232 1169 4284 44.
1187 4230 1249 4282 roi·

136 4303 229 4376 μῆσαι
256 4304 297 4355 ed.
317 4303 381 4356 dall.
417 4301 536 4354 Editores
559 4304 722 4354 coniecerant
745 4296 901 4368 τολμήσεις.
960 4301 1002 4351 lo.
1028 4293 1183 4357 δεικνύντος
1206 4300 1248 4353 cd.

139 4375 207 4428 Gall.
262 4373 304 4424 46.
325 4370 412 4424 ταῦτα
432 4371 472 4422 ed.
493 4371 557 4424 Gall.
