2752 4778
232 147 313 278 :604

74 406 123 448 σοι.
136 400 198 446 rm
211 385 317 453 ι-κατά
347 383 403 450 τὸν
423 383 517 467 ἅγιον
539 386 652 451 τοῦτον
673 388 728 449 καὶ
747 385 853 493 μέγαν
866 381 872 471 Ι
891 382 1102 451 διδάσκαλον
1108 380 1272 472 ἡμετέραν
1289 384 1332 451 ἐιί·

236 496 317 556 μησε
349 475 535 575 γέννησιν,
546 476 599 536 καί
631 468 799 578 γενόμενος
831 467 1005 576 ἄνθρωπος
1037 467 1174 552 ἀληθῶς
1213 468 1311 538 κάλ’
1296 492 1361 537 εν·

237 565 409 661 θρωπίνως
437 556 644 668 γεννώμενος,
676 582 728 620 ινα
756 550 837 639 ήμάς
866 560 928 622 τῶν
955 560 1081 641 δεσμῶν
1104 561 1170 638 τῆς·
1184 556 1334 642 γεννήσεις

228 642 453 729 ἐλευθερώσῃ,
478 649 539 710 καὶ
568 647 625 708 τοί
652 647 883 746 παραπλησίως
909 642 1028 749 χόρτον
1056 642 1333 753 σπειρομένουςέι

230 733 406 809 Ικαταδίκης
439 726 491 794 διά
526 727 579 808 τήν
611 720 775 837 ἀμαρτίαν
802 727 952 832 φόεσθαι
975 729 1093 813 νόμου,
1127 736 1188 796 καὶ
1221 734 1280 796 τοί
1299 756 1334 809 νη

237 812 332 894 αίτήν
360 814 445 922 ἔχειν
473 826 585 900 φυτοῖς
612 839 645 879 τε
673 820 727 879 καὶ
756 810 888 896 ἀλόγοις
910 813 1002 893 ζῶοις
1023 822 1080 896 τῆς
1101 815 1208 903 πρὸς·
1215 816 1255 885 τά
1275 810 1335 883 ἀνσι

236 905 386 987 γενέσεως
413 899 467 979 τήν
494 904 683 1012 συγγένειαν
729 899 785 976 Ὥς
812 899 877 965 ποό
905 923 1002 986 φησιν
1029 897 1048 966 6
1055 906 1184 1006 μέγας
1213 905 1337 968 καλιάν

149 1053 156 1063 ,
235 988 378 1072 μεγάλων
407 984 524 1067 θεατής
546 984 691 1066 Ἰεζεκιήλ
720 985 758 1051 τά
788 991 867 1052 θεία
892 987 1207 1098 μυσταγωγοάμενος
1228 987 1337 1069 καλιήν

237 1074 344 1138 αἰτίαν
372 1075 424 1152 τῆς
452 1078 506 1139 νῦν
533 1078 608 1180 περί
639 1070 695 1137 τὸν
722 1068 942 1183 ἀνθρωπον
925 1071 1135 1179 υπαρχοόσης
1164 1074 1336 1181 οἰκονομία

237 1154 576 1268 ἐκπαιδενόμενος,
553 1184 596 1236 ως
624 1159 709 1267 πρὸς
729 1153 937 1266 Ἰερουσαλήμ
964 1160 1117 1269 φάσκων,
1152 1160 1248 1228 Τάδε
1275 1164 1337 1267 λίγα

73 1268 111 1306 nn
113 1267 144 1306 τε
164 1263 195 1313 ιο
215 1246 351 1353 σκόριος
370 1249 407 1335 τῇ
422 1241 648 1353 Ιερουσαλήμ,
665 1241 710 1307 Ἦ
688 1240 816 1391 Αρίζα
817 1269 876 1312 σου
894 1251 948 1312 καί
964 1273 982 1326 η
971 1244 1148 1356 “γόννησίς
1164 1272 1233 1315 σου
1252 1246 1328 1315 ἐντ’
1299 1272 1337 1331 γης

74 1330 119 1369 *w

227 1425 328 1484 -ταία·
363 1414 439 1481 ἐν
425 1421 502 1505 ημέρ

238 1313 396 1409 Χαναὰν,
425 1327 442 1395 6
470 1358 552 1412 πατη
604 1326 692 1397 σοι’
688 1327 908 1441 Αμοιρᾟαῖος,
944 1337 998 1398 καί
1019 1328 1037 1412 6
1056 1332 1162 1454 μήτηρ
1189 1357 1254 1401 σου
1274 1337 1337 1399 Χετ-

554 1357 574 1509 6
601 1415 733 1523 ἐτέχθης
762 1443 820 1484 ουκ
848 1416 963 1497 ἔδησαν
991 1417 1048 1482 τόν
1074 1416 1260 1531 ’ὀμφαλόν
1285 1444 1338 1497 σοι,

236 1512 301 1570 καὶ
313 1505 345 1569 ἐν
368 1502 459 1567 ὕδατι
482 1530 538 1569 ουκ
554 1486 713 1584 ἐλοόθης,
736 1507 810 1568 ουδε
830 1509 884 1569 αλι
902 1505 1053 1586 ηλίσθης,
1074 1511 1132 1570 καί
1151 1506 1339 1592 σπαργάνοις

237 1588 293 1656 οιίιν
315 1587 583 1697 ἐσπαργανῶθης,
609 1594 663 1655 καὶ
642 1585 804 1740 ἀπερρί
803 1615 932 1700 φης
885 1588 939 1654 ἐπὶ
960 1589 1136 1674 πρόςωπον
1157 1618 1222 1658 του
1206 1596 1338 1660 πεδίου

236 1704 271 1767 τη
258 1681 476 1787 σκολιοτητι
497 1702 551 1756 της
571 1679 674 1760 ψυχῆς
695 1699 754 1742 σου
793 1670 971 1785 νηήμέρρι
992 1675 1144 1762 ἐτάχθης·
1181 1685 1240 1744 καὶ
1271 1681 1337 1759 διήλ·

236 1744 336 1827 θον
322 1766 375 1826 επὶ
398 1767 450 1840 σὲ,
473 1768 526 1828 καὶ
545 1756 634 1828 εἶδον
650 1784 687 1827 σε
690 1764 917 1870 πεφυρμένην
931 1761 965 1826 ἐν
985 1767 1031 1850 τῶ
1052 1764 1174 1847 α’ίματί
1192 1790 1337 1844 comm

236 1840 311 1914 εἶπα
334 1871 405 1924 σοι,
427 1845 479 1914 Ἐκ
501 1852 558 1912 τοῦ
580 1847 715 1930 αἵματός
737 1871 796 1914 σου
818 1875 835 1927 η
824 1844 917 1928 ζωή
933 1873 992 1914 σου
1011 1827 1225 1935 πληθόνου,
1248 1848 1338 1924 καθός

236 1930 412 2015 ἧάνατολή
436 1938 493 1999 τοῦ
514 1933 614 2044 άγρου
636 1932 759 1999 δέδωκά
780 1957 826 2000 σε
879 1937 929 1998 Τ
909 1960 944 2013 ς
967 1898 1023 2000 οάν
1044 1940 1105 2000 ταῶ
1154 1937 1280 2005 όεσθαι
1298 1933 1360 2002 δά

236 2023 289 2128 τής
315 2024 439 2129 σπορᾶς
468 2014 525 2087 ἶσα
550 2017 659 2108 χόρτῳ
688 2026 741 2086 καί
770 2016 810 2084 δι’
815 2020 977 2104 αἵματος
997 2020 1076 2086 κατά
1099 2047 1139 2087 τα
1161 2023 1269 2090 λοιπά
1290 2024 1339 2102 ζῶε

231 2105 289 2187 τήν
312 2105 429 2186 ζωήν”
410 2131 495 2217 εχειν
516 2084 764 2186 καταδίάηςό
732 2132 786 2186 την
803 2105 901 2190 φάσιν
923 2105 1093 2191 ἐξιώμενος
1115 2114 1173 2175 καί
1198 2108 1297 2221 πρός)
1297 2134 1339 2217 τγν

234 2190 372 2279 ἀρχαίαν
385 2197 447 2272 τής
467 2190 657 2277 ἀφθαρσίας
676 2190 772 2278 χάριν
793 2190 1014 2273 ἐπανάγων’
975 2218 1105 2303 κυριος,
1133 2187 1242 2276 ήλθεν
1260 2193 1338 2275 αίιήν

226 2279 497 2388 ἐλευθερῶσαι,
495 2285 549 2344 καί
564 2279 719 2388 ἐμφανῶς
738 2281 798 2382 μέν
819 2275 895 2368 αάτη
882 2281 1020 2356 ”δείξαι
1042 2279 1128 2365 πρὸς
1150 2280 1238 2369 ὅπερ

233 2368 309 2449 μένη
333 2361 397 2430 κατ’
411 2358 518 2474 ἀρχάς
539 2360 681 2440 οάδολως
702 2362 831 2444 ἐκινήθη
854 2346 969 2448 καλόν,
991 2372 1045 2432 καὶ
1057 2370 1218 2476 πανήσαι
1240 2392 1337 2435 τοπο·

234 2450 330 2562 νηρόν
358 2450 440 2537 πρὸς
467 2451 547 2536 ὅπερ
569 2450 636 2534 άμα
658 2476 701 2538 τῳ
688 2453 875 2534 γενέσθαι
898 2449 1010 2516 όιά
973 2478 1026 2532 της
1048 2448 1175 2534 ἀπάτης
1199 2454 1337 2568 166666

235 2535 328 2618 αίτής
356 2543 525 2618 κινηθεῖσα
544 2535 640 2645 παρά
664 2515 761 2621 φάσιν
782 2540 974 2603 κατεκένωσα
995 2538 1147 2651 δύναμιν,
1177 2548 1237 2607 καί
1257 2566 1337 2607 κανν-

228 2627 329 2732 Ιιλήσαι
354 2623 439 2732 πρὸς
460 2620 574 2688 ἑαυτόν
595 2621 649 2703 τήν
671 2626 724 2703 τής
745 2622 920 2733 ἐπιθυμίας
942 2622 1075 2708 όόυαμιν
1100 2617 1191 2708 (ήςε
1172 2621 1336 2733 6666266

73 2734 121 2774 σοι
137 2727 227 2774 nm
236 2703 382 2794 ὀμφαλός
400 2709 406 2796 Ι
425 2709 617 2818 σύμβολον),
651 2708 705 2789 τήν
727 2708 760 2774 ἐν
782 2735 825 2796 τῳ
811 2705 964 2798 ἀγαθῶ
983 2710 1120 2821 γόνιμον
1143 2713 1215 2790 ἐξιν
1236 2714 1336 2798 λαβυί·

236 2820 296 2862 σαν
318 2801 437 2900 παχίαν
459 2800 513 2860 καί
535 2790 775 2906 ἀμετάπτωτον,
798 2800 852 2861 καί
874 2775 990 2861 λοῶάαι
1013 2795 1047 2861 ἐν
1068 2796 1182 2880 6666,
1206 2802 1336 2885 καθᾶραι

234 2883 314 2963 λέγω
336 2885 398 2947 τῶν
401 2884 591 2990 μολυσμῶν
613 2885 666 2961 τῆς
686 2877 818 2965 ἀγνοίας
839 2907 882 2970 τῳ
869 2880 1084 2991 πελάγει”
1047 2908 1101 2961 της
1118 2891 1337 2997 περιχυθείσης

235 2965 313 3057 6616
334 2964 412 3033 κατὰ
435 2965 489 3047 τήν
507 2966 601 3052 χάριν
622 2967 783 3051 γνῶσεως,
811 2972 865 3032 καί
864 2946 996 3034 άλίσαι
1019 2964 1089 3041 666,
1122 2976 1181 3037 καί
1205 2996 1359 3085 σπαργα-

230 3058 335 3120 νῶσαι
339 3052 590 3163 σπαργάνοις,
609 3057 751 3120 τουτέστι
780 3053 835 3132 τήν
862 3052 945 3138 πρὸς
965 3053 1046 3160 ὅπερ
1068 3059 1204 3141 γέγονεν
1227 3055 1337 3144 ἀγαθόν

233 3138 369 3226 φυσικήν
391 3139 566 3248 ἐνέργειαν
571 3135 669 3222 ἀπρὶξ
688 3139 917 3248 στερεῶσας
883 3144 928 3204 τῶ
944 3138 1119 3225 πνεόμασι,
1141 3145 1275 3232 σήψεως
1287 3170 1337 3211 σε·

232 3232 304 3292 θῶν
320 3233 502 3339 ὐἵκαθαραν
507 3231 704 3304 καταστήσαι
733 3231 787 3290 καὶ
809 3204 1030 3308 ἀνεπίάεκτον,
1055 3233 1111 3293 καὶ
1134 3234 1175 3320 τῇ
1197 3232 1337 3322 περιβολή

133 3341 137 3347 ·
233 3317 295 3378 τῶν
317 3313 350 3378 ἐν
372 3324 440 3388 τοίς
463 3304 554 3378 οάσιν
576 3308 706 3390 ἀληθῶν
727 3311 831 3416 λόγων
853 3314 943 3392 δίκην
962 3312 1160 3398 σπαργάνων
1178 3322 1337 3404 περισφίγ-

233 3402 290 3475 ξας
310 3395 482 3485 ἀδιάχυτον
503 3401 664 3473 παντελῶς
685 3394 944 3505 ἀπεργάσασθαι

227 3604 332 3701 ’Άλλη
354 3607 403 3687 είς
422 3603 465 3678 τό
490 3600 583 3678 αὐτὸ
607 3604 763 3698 θεωρία.

341 3749 458 3860 Τυχόν
471 3755 507 3817 δέ
528 3751 581 3816 διά
603 3758 665 3818 τῶν
686 3754 858 3863 εἰρημένων
880 3752 897 3819 6
919 3754 1117 3833 διδάσκαλος
1139 3759 1254 3828 διττὸν
1271 3755 1337 3828 είνσι

233 3837 288 3903 τὸν
317 3836 396 3902 κατά
426 3836 479 3917 τήν
501 3842 630 3941 γένεσιν
657 3843 710 3947 τής
737 3837 953 3926 ἀνθρωπίνης
971 3840 1096 3950 φάσεως
1118 3843 1224 3929 λόγον
1246 3873 1278 3914 τε
1295 3848 1338 3913 καὶ

232 3921 356 4008 τρόπον
373 3917 621 4027 είςηγοάμενος,
656 3923 712 3989 τάν
736 3930 795 4009 μέν
817 3931 934 4035 ψυχῆς,
962 3926 1018 3992 τὸν
1041 3931 1076 3993 66
1098 3931 1277 4039 σῶματος,
1295 3955 1338 4011 την

232 4008 266 4074 ἐκ
289 4003 445 4093 σωμάτων
465 4011 660 4120 γέννησιν’
631 4036 677 4087 εις
698 4010 755 4076 660
785 4009 850 4076 κατ’
879 4013 1024 4078 ἐπίνοιαν
1052 4018 1154 4083 διεῖλε
1182 4017 1338 4130 γεννήσεις,

232 4092 286 4173 τήν
312 4100 371 4178 μὲν
399 4093 503 4181 ψυχήν
531 4095 694 4180 ἐμφαίνων
719 4093 861 4202 ἀρρήτως
883 4098 916 4163 ἐκ
939 4102 996 4163 τοῦ
1016 4104 1115 4166 θείου
1139 4110 1198 4170 καὶ
1221 4104 1338 4184 ζωτινον

225 4136 457 4290 ’ἐηάφυσήματος
483 4187 744 4333 συνισταχιένην,
755 4180 791 4247 τό
821 4188 857 4249 66
884 4187 977 4268 σῶμα
1007 4184 1103 4250 ἔνι’
1064 4212 1121 4266 της
1135 4187 1372 4298 ἀποκειμένης

232 4265 306 4344 ἀλης
331 4271 389 4332 τοό
417 4267 451 4344 ἐξ
459 4293 578 4373 ουπερ
624 4275 695 4335 στίν
722 4268 789 4350 άμα
799 4274 856 4377 τῇ
878 4275 990 4380 ψυχῇ
997 4270 1077 4337 κατά
1107 4273 1165 4355 τήν
1196 4275 1337 4384 σάλλνχγιν

230 4352 399 4436 γινόμενον
420 4353 579 4437 σώματος.
621 4354 667 4419 Οί
690 4355 751 4442 γάρ
774 4354 830 4420 τὸν
850 4351 948 4423 αάτόν
969 4352 1233 4445 ἀπαραλλάκτως
1254 4362 1335 4451 φάναι
