2768 4784
1068 224 1142 301 ati

28 410 153 481 ,sunnis
183 412 214 471 iu
245 411 372 489 pulchro
401 415 501 472 status
529 411 627 486 ignari
656 409 826 471 efficiantur
849 411 899 483 qui
921 372 1035 471 donum
1058 428 1145 474 acce-

33 498 151 573 perint,
185 495 258 558 dum
286 497 375 559 iacile
405 497 436 557 in
467 496 630 570 nequitiam
660 495 802 557 labantur
829 511 935 556 aarum
964 498 1056 557 animi
1077 515 1146 576 pro-

34 590 100 658 pter
121 583 295 646 facilitatem
319 583 527 660 possessionis
550 582 683 658 pulchri,
706 582 744 642 de
766 582 880 643 vilitate
903 589 1103 661 contemptae.

35 786 211 864 Eiusdem
239 814 286 864 ex
313 813 481 864 sermone
511 789 550 863 in
572 785 730 882 Pascha,
763 790 802 861 in
824 788 940 882 illud,
977 787 1146 882 ,Nudum

86 917 152 992 per
174 893 450 993 simplicitatem
474 901 511 966 et
534 892 650 966 vitam
676 891 830 966 artificio
858 903 1059 986 carentem,
1094 905 1146 968 at·

86 1021 158 1096 que
192 997 312 1071 omnis
345 996 586 1096 integumenti
623 1005 659 1070 et
693 995 912 1070 munimenti
947 1005 1144 1095 expertem.

85 1097 215 1175 Talem
246 1101 345 1174 enim
380 1124 457 1175 esse
491 1097 733 1174 conveniebat
764 1122 849 1172 enm
884 1098 947 1199 qui
982 1100 1146 1198 primum

87 1213 181 1278 esset
207 1207 372 1278 erectua‘

143 1369 222 1444 Quid
244 1388 376 1450 magnus
398 1375 456 1433 iste
479 1373 585 1433 doctor
608 1373 655 1431 his
679 1373 778 1432 verbis
803 1371 922 1432 occulte
944 1371 1071 1446 revelet,
1096 1388 1146 1430 so·

33 1457 80 1517 los
110 1456 180 1516 illos
209 1469 301 1518 nosse
331 1460 381 1518 aio
412 1460 462 1534 qui
490 1460 555 1535 pari
586 1475 655 1518 cum
684 1474 720 1516 eo
751 1459 850 1535 gratia
870 1462 901 1517 et
923 1458 1093 1532 sapientiae
1117 1465 1146 1518 et

33 1543 218 1620 cognitionis
241 1546 302 1605 sint
323 1546 480 1620 impertili,
513 1546 579 1619 qui,
610 1550 772 1619 postquam
794 1543 1016 1604 intellectuales
1039 1543 1145 1604 oculos

33 1628 72 1689 de
102 1631 186 1689 omni
216 1633 393 1706 passionum
424 1638 454 1691 et
478 1630 641 1690 materialis
665 1631 791 1691 allectus
815 1629 905 1690 sorde
928 1637 1145 1709 purgaverunt,

33 1717 217 1794 cognitionis
239 1719 269 1776 in
293 1719 445 1777 universis
464 1733 556 1777 verae
580 1718 698 1779 radium
720 1719 876 1794 percipere
895 1718 1064 1792 potuerint,
1093 1733 1146 1793 per

34 1818 129 1878 quam
158 1803 312 1880 simplice,
344 1805 445 1879 quoad
476 1805 542 1864 eius
573 1803 637 1862 heri
668 1806 783 1879 possit,
816 1809 846 1864 et
867 1803 1008 1863 uniformi
1030 1804 1146 1865 ratione

34 1894 171 1949 mentem
200 1906 219 1950 a
241 1889 433 1951 multitudine
456 1890 646 1951 retrahentes
669 1893 844 1949 universam
868 1905 968 1949 rerum
993 1904 1071 1964 quae
1094 1908 1146 1949 ex·

34 1981 99 2035 tant
135 1976 465 2054 scientiam-simplice
500 1977 709 2054 intellegentia
741 1976 1020 2051 complecterentur.
1084 1974 1145 2036 lios

35 2077 126 2134 vere,
157 2077 236 2136 quos
265 2064 457 2140 ignorantiae
486 2062 586 2123 adhuc
614 2063 758 2123 tenebrae
789 2063 923 2121 veritatis
954 2062 1146 2137 perceptione

35 2147 190 2224 prohihet,
229 2156 352 2225 propter
387 2151 496 2210 mentis
528 2151 607 2209 cirea
636 2148 702 2209 sula
731 2147 909 2207 fluctuantia
937 2149 1144 2225 agitationem,

35 2235 296 2308 quemadmodum
326 2253 438 2296 caecus
469 2237 620 2296 ambobus
650 2235 792 2294 manibus
815 2234 992 2308 quisquilias
1015 2238 1145 2309 pertem-

34 2326 125 2397 ptans
153 2320 238 2381 haud
267 2338 335 2382 raro
359 2322 470 2397 aliquid
494 2323 617 2398 pretiosi
640 2322 775 2381 invenire
799 2319 892 2394 solet,
922 2321 967 2379 sie
989 2337 1047 2380 nos
1070 2336 1145 2395 qno·

34 2423 92 2482 que
123 2423 193 2468 cum
225 2415 329 2469 nostra
358 2410 529 2469 infirmitate
560 2408 599 2468 de
629 2409 784 2484 praesenti
818 2408 996 2481 quaestione
1033 2407 1142 2481 aliquid

34 2492 137 2553 dicere
164 2493 368 2572 aggredimur.
427 2499 525 2571 Atque
555 2494 628 2553 nihil
651 2494 731 2555 eliud
756 2495 879 2553 omuino
902 2493 1030 2553 dicimus
1054 2508 1143 2569 quam

36 2579 117 2655 qnod
147 2579 222 2642 deus
246 2583 333 2642 nobis
355 2584 385 2640 in
407 2598 516 2642 manus
539 2580 670 2656 dederit,
702 2580 871 2640 secundum
896 2580 975 2654 quod
1000 2580 1143 2656 scriptum

35 2671 98 2737 est,
129 2665 169 2726 ad
199 2666 326 2728 alendus
355 2685 411 2743 pro
433 2669 509 2727 virili
532 2675 616 2743 perte
638 2685 675 2727 ac
697 2665 842 2726 facultate
866 2682 936 2741 vos,
967 2673 1070 2742 patres
1093 2668 1145 2726 bo·

35 2768 91 2813 uos
120 2758 262 2824 nostros,
291 2754 320 2812 id
353 2763 401 2815 est
431 2755 598 2830 simplicem
629 2760 660 2812 et
689 2753 838 2813 modicam
863 2754 1010 2827 nobisque
1033 2768 1144 2814 conve·

35 2841 168 2901 aientem
197 2841 502 2915 contemplationem,
532 2840 759 2919 intellegentiae
787 2845 911 2900 nostrae
938 2839 1145 2901 contrectabili

34 2926 137 3003 magis
168 2941 258 3001 quam
286 2928 372 2987 firmo
400 2934 546 3004 certoque
568 2928 646 3003 pede
669 2926 881 3004 progrediente
901 2928 1037 2987 oratione
1060 2928 1145 2986 insli-

34 3018 147 3088 tutam,
178 3028 319 3088 quaeque
348 3019 506 3089 paternam
529 3015 635 3074 invitet
658 3012 915 3086 benedictionem,
944 3029 1066 3087 nequa
1089 3028 1144 3072 na·

34 3106 119 3160 turrae
147 3099 270 3158 minime
300 3102 516 3161 convenienter
546 3100 733 3160 sensibilium
765 3115 872 3176 agrum
903 3099 1085 3159 sensibiliter
1113 3101 1143 3156 in

35 3185 160 3247 mudum
193 3183 278 3246 Esau
315 3187 535 3263 perlustrantes
570 3187 608 3245 oh
644 3184 816 3245 tarditatem
853 3190 960 3260 parata
992 3185 1145 3260 privemur

34 3273 130 3348 patris
159 3273 262 3332 satiati
290 3274 518 3348 benedictione,
553 3277 606 3333 aut
634 3288 741 3332 rursus
772 3273 873 3331 animo
899 3272 1041 3347 superbia
1064 3270 1144 3330 elato

34 3360 182 3420 maiorem
217 3363 400 3433 potestatem
430 3366 611 3436 quaerentes
641 3360 679 3419 ab
709 3360 753 3418 eis
782 3357 927 3417 damnum
958 3358 1143 3456 accipiamus

34 3446 85 3519 qui
116 3448 255 3505 nostrum
289 3446 389 3507 adhuc
419 3447 681 3523 contemplationis
710 3450 859 3540 montem
875 3445 993 3519 colunt,
1027 3445 1056 3502 in
1081 3461 1145 3504 mo·

34 3530 105 3591 dum
137 3530 251 3601 lsrael,
280 3534 319 3593 de
348 3535 458 3607 quibus
488 3535 536 3593 lex
567 3537 687 3602 hamat,
717 3531 798 3606 quod
827 3504 999 3606 irruperunt
1022 3531 1143 3604 quidam

34 3619 116 3677 etin
139 3623 274 3677 montem
298 3621 520 3692 ascenderunt,
544 3627 574 3680 et
596 3620 688 3680 exivit
703 3616 910 3679 Amorrhoeus
931 3616 1010 3676 illius
1035 3617 1143 3676 montis

34 3704 135 3764 incola
164 3709 256 3777 etque
286 3707 455 3767 vulneravit
485 3723 549 3766 eos.
601 3704 746 3779 Suspicor
772 3703 862 3780 igitur
890 3702 970 3777 quod
994 3710 1144 3779 tempera·

34 3791 128 3850 menti
166 3792 301 3864 corporis
338 3792 463 3852 humant
500 3792 583 3852 Adae
619 3790 789 3867 propatoris
826 3788 916 3863 quale
950 3788 1037 3850 inerit
1073 3795 1143 3849 ante
1253 3814 1256 3819 ·

35 3877 312 3952 transgressionem
341 3878 539 3938 differentiam
568 3878 606 3937 ab
632 3892 669 3935 eo
693 3875 773 3950 quod
795 3876 824 3932 in
849 3876 937 3936 nobis
960 3874 1051 3936 hodie
1074 3891 1144 3951 spe·

34 3968 135 4023 statim
166 3967 196 4022 et
223 3963 339 4024 obtinet
366 3965 535 4042 significare
559 3962 665 4022 volens
689 3963 833 4038 magister
854 3962 933 4022 haee
955 3961 1041 4035 dicit,
1073 3978 1143 4022 cum

34 4047 86 4107 illo
116 4047 256 4108 videlicet
285 4054 418 4126 tempore
446 4050 538 4110 homo
570 4049 766 4123 qualitatihus
789 4048 945 4107 contrariis
968 4055 998 4107 et
1021 4048 1076 4107 sibi
1098 4049 1144 4107 iu-

35 4136 133 4194 vicem
157 4134 328 4195 exitialibus
352 4137 520 4198 secuudum
545 4141 817 4211 temperamentum
841 4135 975 4210 corporis
998 4148 1058 4194 non
1081 4134 1144 4194 dis·

34 4221 224 4299 traheretur,
256 4222 311 4281 sed
341 4224 461 4298 quietus
489 4228 645 4296 maneret,
675 4223 715 4282 ab
744 4223 826 4282 omni
853 4219 940 4280 fluxu
969 4223 998 4279 et
1021 4221 1144 4282 deiluxu

34 4307 185 4382 intactus,
224 4316 255 4370 et
290 4310 328 4368 ab
364 4318 512 4386 perpetua
547 4310 577 4367 in
612 4308 695 4368 hunc
732 4307 855 4368 illumve
890 4323 945 4382 pro
973 4308 1144 4384 principatu

35 4393 218 4470 qualitatum
249 4397 455 4456 immutatione
485 4396 575 4466 liber,
608 4401 715 4473 utpote
744 4396 794 4480 qui
824 4391 992 4539 εθοιιὲξυῃ]
1015 4395 1142 4472 gratiam
