2752 4778
1170 193 1241 282 103

120 375 283 437 sacrificia
311 390 379 435 mea
411 373 482 435 mibi
517 374 624 436 offerre
653 376 847 451 observate‘3
887 393 956 437 cum
985 377 1124 441 videlicet
1143 395 1245 443 omne

120 464 246 523 bonum
277 477 318 521 ex
344 477 381 523 eo
411 465 558 521 nascatur
586 467 617 522 et
630 463 668 521 io
691 477 761 522 eum
784 462 912 522 desinat.
956 462 1070 533 idonea
1092 466 1173 527 enim
1195 473 1243 529 cst

120 547 173 609 iai
197 547 283 608 ratio
306 547 539 623 quibuscunque
566 549 743 629 inactaest
765 547 804 606 ad
828 549 930 608 carnis
952 555 1053 610 motus
1074 551 1243 626 reprimen-

120 634 182 695 dos
207 648 275 695 non
298 634 398 695 minus
422 634 516 708 quam
538 633 579 694 ad
600 634 751 706 animam,
775 649 814 693 ne
837 633 876 692 ad
897 633 966 695 illos
990 635 1137 711 declinet,
1161 639 1244 699 cohi-

120 716 281 793 bendam,
310 725 342 781 et
362 720 471 795 quavis
491 735 566 780 vera
588 720 761 798 cognitione
784 719 1005 794 complendam.

120 929 402 1107 Contempletio
436 930 476 1006 in
503 956 588 1006 eum
615 920 680 1032 qui
706 934 859 1008 domum
885 904 1070 1035 impuram
1098 962 1259 1015 excom·-

171 1059 330 1117 mumca
1240 1064 1244 1071 ·

231 1186 311 1248 Nam
342 1185 533 1249 sacerdotem
563 1201 683 1262 quoque
714 1187 881 1247 secundum
910 1189 987 1266 legis
1009 1190 1186 1252 mandatum
1207 1193 1240 1251 in

120 1275 254 1337 domum
276 1270 526 1350 qualitercunque
547 1272 695 1348 pollutam
717 1273 852 1350 ingredi,
883 1290 1014 1349 eamque
1032 1279 1240 1336 excommuni-

120 1376 215 1435 care,
236 1365 278 1432 ,et
304 1371 385 1433 quae
416 1357 455 1418 ad
486 1357 696 1441 lustrationem
725 1360 901 1420 necessaria
929 1361 990 1421 sint
1010 1363 1239 1437 possidentibus

120 1446 257 1506 delinire
287 1442 421 1504 audienti
452 1459 607 1504 summum
628 1461 684 1519 per
707 1443 736 1502 id
761 1444 952 1506 sacerdotem
975 1449 1122 1508 rationem
1145 1449 1240 1526 signi-

120 1532 221 1593 ticart'
250 1534 336 1607 puto,
375 1529 415 1589 ad
451 1531 549 1590 instar
583 1531 766 1605 purissimae
799 1531 875 1590 lucis
904 1533 1038 1593 animam
1060 1526 1240 1611 'ingredien-

120 1624 206 1689 tem,
245 1621 276 1676 et
304 1616 479 1690 inquinatas
510 1615 683 1676 voluntates
712 1622 741 1675 et
770 1618 971 1694 cogitationes
1002 1637 1069 1680 cum
1098 1620 1238 1680 sontibus

120 1703 214 1764 iactis
236 1700 440 1778 revelantem,
464 1705 556 1776 atque
580 1702 853 1764 animadversionis
876 1708 906 1762 et
926 1705 1107 1780 expiationis
1129 1705 1239 1766 modos

122 1789 284 1865 sapienter
307 1787 499 1848 suadentem.
553 1786 656 1860 Quod,
685 1793 777 1864 puto,
809 1789 943 1864 apertius
972 1791 1023 1850 illa
1052 1791 1237 1868 significans,

121 1890 207 1951 quae
228 1889 375 1951 magnum
398 1873 578 1950 prophetam
601 1872 696 1933 Etiam
718 1873 850 1948 hospitio
873 1877 1009 1951 excepit,
1041 1876 1147 1951 ‚Homo
1166 1877 1236 1952 dei‘,

121 1960 241 2037 inquit,
278 1960 453 2036 ,ingressus
476 1975 510 2020 es
533 1958 570 2018 ad
594 1975 643 2032 me
665 1959 901 2020 utdelictorum
924 1977 1061 2022 meorum
1083 1978 1133 2024 me
1155 1978 1238 2022 com·

120 2045 360 2109 monciaceres.‘

123 2250 405 2351 Contemplatio·
423 2251 462 2326 in
488 2259 658 2326 sanctum
684 2247 825 2340 Eliam,
867 2257 904 2323 et
929 2249 968 2322 in
994 2248 1148 2323 viduam
1173 2244 1235 2323 Sa·

173 2364 395 2458 reptcnscm.

233 2502 338 2565 Omnis
368 2505 448 2564 enim
479 2504 580 2563 anima
609 2503 698 2563 bonis
726 2501 850 2561 viduata
879 2508 909 2563 et
924 2503 1049 2561 uirtute
1078 2506 1108 2562 et
1130 2503 1236 2579 cogni-

124 2594 208 2660 tione
231 2590 282 2652 dei
303 2590 441 2666 deserqa,
476 2595 638 2665 postquam
663 2588 796 2648 divinam
820 2593 850 2648 ct
871 2589 1095 2666 diagnosticam
1117 2589 1236 2664 excepit

124 2678 291 2747 rationem,
330 2675 508 2737 delictorum
542 2690 667 2735 suorum
706 2673 864 2734 recordata
898 2674 1057 2734 instruitur
1091 2674 1235 2734 virtutum

123 2764 258 2841 panibus
280 2763 425 2823 rationem
450 2762 559 2823 almam
583 2761 680 2832 alere,
709 2766 740 2820 et
762 2761 896 2821 veritatis
918 2760 1035 2836 placitis
1059 2761 1138 2831 vitae
1160 2760 1236 2820 ionii

123 2855 230 2927 potum
267 2848 453 2921 ministrare,
489 2847 607 2923 ipsique
646 2851 773 2907 naturae
801 2846 916 2906 cultum
945 2847 1042 2922 ipsius
1071 2844 1234 2921 praeferre,

124 2952 178 3011 per
201 2948 388 3013 quemcaro
410 2949 490 2993 urna
512 2932 725 3008 compendium
749 2933 910 2993 virtutibus
934 2932 1040 2998 efficax
1059 2949 1113 3007 pra
1151 2932 1236 3001 labit,

124 3028 156 3084 et
183 3020 283 3083 cadus
312 3036 400 3081 mens
428 3018 717 3094 contemplationem
748 3018 946 3096 cognitionis,
981 2947 1235 3077 conscrvxricem

124 3107 220 3180 lucis,
249 3107 387 3183 perpetui
409 3103 502 3167 scutis
525 3100 621 3165 instar
643 3104 719 3178 alet,
751 3111 782 3164 et
804 3104 945 3182 cogitatio
968 3105 1089 3173 innata,
1118 3107 1153 3161 ut
1174 3097 1236 3162 illic

124 3192 236 3255 viduae
264 3191 360 3267 iilius,
391 3192 517 3267 passiva
545 3190 672 3266 pristino
701 3191 763 3250 vita
792 3190 931 3265 deposita
960 3189 1041 3249 vitae
1064 3188 1184 3247 divinae
1206 3190 1237 3255 et

124 3295 217 3340 verae
238 3294 258 3339 a
278 3278 399 3341 ratione
421 3278 511 3338 datae
533 3292 613 3354 quae
634 3277 786 3353 particeps
808 3277 860 3336 liat
879 3276 975 3355 'digna
999 3273 1181 3334 censebitur.

124 3477 396 3579 Contemplatio
423 3480 462 3554 in
490 3480 631 3569 domini
656 3478 1026 3578 transfigurationem.

211 3624 284 3697 ¹Sic
312 3633 472 3704 praeterea
501 3627 592 3688 ctiam
615 3626 725 3686 Christi
754 3625 969 3701 discipulorum
1000 3624 1140 3700 quidam,
1170 3621 1236 3697 qui·

125 3717 183 3777 bus
218 3730 282 3775 uae
312 3713 479 3775 ascendere
510 3719 540 3774 et
568 3712 662 3773 levari
692 3729 761 3773 cum
790 3728 827 3771 eo
856 3713 887 3770 in
918 3715 1054 3772 montem
1084 3706 1236 3789 glorifica-

125 3800 216 3875 tionis
245 3801 314 3871 eius,
344 3801 382 3860 ob
411 3801 529 3860 virtutis
560 3814 664 3859 curam
687 3798 804 3871 evenit,
835 3814 903 3877 cunr
927 3799 1077 3857 mutatum
1100 3794 1237 3853 viderent

125 3893 155 3947 et
182 3886 254 3947 luce
282 3884 369 3947 iaciei
399 3885 659 3959 inaccessibilem,
689 3883 1001 3957 vestimentorumque
1023 3881 1161 3941 claritate
1181 3879 1237 3938 ob-

126 3970 305 4049 stupefacti,
339 3977 432 4046 atque
460 3971 500 4032 de
528 3970 644 4031 bonore
667 3970 781 4047 Moysis
812 3973 842 4029 et
870 3967 969 4042 Eliae,
989 3968 1056 4045 ⁴qui
1084 3967 1124 4026 ab
1152 3969 1237 4026 utro·

127 4074 187 4134 que
220 4056 317 4118 latere
350 4054 495 4132 aderant,
534 4056 619 4117 illum
653 4057 746 4118 etiam
777 4055 891 4116 maiore
923 4053 1070 4131 dignitate
1099 4050 1237 4112 cumula-

126 4148 190 4204 tum
220 4142 405 4218 conspicati,
438 4159 457 4202 a
487 4158 580 4203 carne
608 4142 640 4200 in
669 4136 806 4218 spiritum
830 4141 1016 4201 transierunt
1036 4139 1122 4214 prius
1146 4150 1236 4213 quam

196 4349 221 4402 1.
239 4345 431 4415 Apographum
448 4337 526 4400 calco.
