2752 4778
222 216 296 293 ³44

220 401 371 466 ἐπιτελῶν
399 403 454 464 τοῦ
478 395 624 502 Χριστοῦ
649 393 752 460 πολλὰ
776 393 923 502 πρόβῳτα
953 393 1073 460 κελεῦει
1097 392 1254 460 θῦεσθαι
1277 421 1324 460 κατ

221 487 328 563 οἴκους
333 490 506 590 πατριῶνς
538 480 626 570 Πρός
649 481 686 548 όν
692 505 829 590 φαμεν,
859 477 901 556 ῶς
921 476 1075 586 είῆτερ’
1034 477 1139 545 αυτὸν
1163 483 1331 566 δεξαίμεθα

220 573 275 640 τόν
303 570 415 655 λόγον,
448 574 565 650 νοητῶς
592 572 653 633 τῶν
681 564 770 633 ῶτων
799 569 853 645 τῆς
882 570 985 676 ψυχῆς
1011 572 1066 632 καὶ
1095 570 1165 631 τῶν
1189 563 1332 678 ’ἀμμάτων

219 656 416 742 ἁπτόμενον,
449 662 502 722 καὶ
532 660 735 764 διανοίγοντα
764 657 860 717 ταῦτα
888 651 970 738 πρός
999 650 1170 758 ῦποδοχῆν
1199 658 1262 736 μὲν
1290 661 1333 720 καί

221 751 363 856 θεωρίαν
385 746 445 808 τῶν
467 739 564 808 αάτοῦ
584 745 782 845 μυστηρίων,
805 737 964 818 ἐκδίκησιν
986 742 1020 803 δὲ
1041 737 1153 816 πόσης
1176 737 1334 848 παρακοῆς

222 837 275 898 καὶ
297 826 507 938 ἀποστροφὴν
528 829 632 906 πάσης
652 825 880 912 ματαιότητος,
901 832 1050 908 γνοίημεν
1071 824 1207 902 πάντως
1226 825 1265 891 τό
1284 855 1334 911 μυ·

222 915 332 1026 στικόν
357 914 501 999 βούλημα
522 919 575 994 τῆς
595 912 688 1021 ἁγίας
709 915 848 1022 γραφῆς,
881 916 925 999 τῷ
946 914 1152 1016 προκειμένῳ
1176 912 1335 996 συνάψαν-

59 1023 270 1080 werimum
300 1002 416 1086 ὅμοιον
445 1001 478 1066 ἐκ
509 1006 564 1066 τοῦ
574 997 684 1105 ἁγίου
712 996 896 1063 ἀποστόλου
919 996 1117 1108 φάρκοντφς,
1154 997 1211 1075 τό,
1245 997 1336 1064 Οάδὲν

222 1090 330 1173 ἔκρινα
360 1090 475 1153 ειδέναι
506 1079 585 1153 ἐνι
569 1097 658 1171 υμῖν,
688 1084 716 1150 εί
743 1083 784 1169 μῆ
808 1087 955 1170 Χριστον
972 1080 1114 1164 Ἰησοῦν,
1149 1090 1207 1149 καὶ
1231 1085 1336 1151 τοῦτον

222 1177 463 1281 ἐπαιρομένου.
514 1173 637 1284 Ὥςπερ
667 1164 724 1236 οῦν
753 1169 886 1246 ἕκαστος
913 1174 974 1234 τῶν
1002 1170 1273 1237 πεπιστευκότων
1290 1177 1337 1284 16

222 1265 358 1370 Χριστῷ
387 1259 465 1326 κατὰ
489 1259 542 1338 τῆν
566 1259 688 1324 οἰκείαν
709 1255 841 1361 6666666
863 1282 916 1321 και
940 1255 994 1336 τῆν
1008 1253 1238 1366 ἀποκειμένην
1262 1256 1337 1345 6616

222 1352 275 1428 τῆς
296 1341 407 1454 ἀρετῆς
428 1346 493 1421 ἕξιν
515 1370 547 1410 τε
569 1372 622 1410 και
645 1341 799 1421 ποιότητα
822 1347 1016 1427 σταυροῦταί
1033 1368 1066 1407 τε
1084 1349 1144 1408 καὶ
1164 1323 1339 1432 συσταυρόί

221 1435 323 1540 ἑαυτῷ
352 1432 407 1497 τόν
428 1431 610 1542 Χριστόν,
622 1433 759 1540 Χριστῷ
789 1429 935 1538 δηλονότι
957 1434 1183 1534 πνευματικῶς
1205 1455 1337 1497 συσταυ·

223 1521 384 1627 ροῦμενος.
428 1517 545 1594 ’Ἀλλος
572 1517 632 1601 γάρ
663 1512 728 1582 κατ’
758 1512 899 1581 ἄλλοτ’
878 1520 988 1623 αρετῆς
1007 1514 1134 1625 τρόπον
1159 1515 1268 1582 ἑαυτῶ
1287 1545 1336 1583 κα·

223 1606 376 1714 16666666
397 1617 537 1670 ποιεῖται
560 1602 615 1683 τῆν
636 1601 832 1687 σταόρωσιν·
874 1598 891 1665 6
912 1606 972 1685 μὲν
992 1604 1075 1688 μόνη
1098 1582 1336 1711 σταυρφάμενος

224 1697 260 1783 τῆ
288 1687 352 1757 κατ’
382 1687 578 1773 ἐνέργειαν“
561 1697 717 1798 αμαρτίῳ,
746 1697 799 1753 καὶ
822 1689 933 1796 τῳῦτην
956 1693 1074 1771 νεκρῶν
1095 1693 1147 1775 τῷ
1169 1690 1269 1778 φόβῳ
1289 1695 1336 1794 τοῦ

61 1804 108 1847 σοι.
123 1799 215 1845 ιτεευ
223 1762 305 1844 θεοῦ
326 1782 581 1886 προςηλωμένην·
607 1772 655 1861 6‘
639 1802 656 1841 ο
680 1779 715 1839 66
737 1781 791 1839 καὶ
814 1770 922 1849 αῦτοῖς
943 1785 1011 1850 τοις
1031 1752 1162 1840 πάθεσι
1187 1776 1336 1889 σταυροῦ·

222 1889 317 1949 μενος
338 1869 391 1928 καὶ
414 1862 468 1939 τός
490 1856 636 1945 δυνάμεις
658 1865 710 1940 τῆς
728 1864 833 1969 φυγῆς
846 1859 1029 1942 ἐξιώμενος·
1061 1857 1078 1925 6
1099 1864 1216 1928 δὲκαὶ
1237 1862 1336 1940 αάταίς

224 1952 285 2016 τῶν
315 1952 431 2056 παθῶν
461 1960 530 2024 ταῖς
559 1954 765 2033 φαντασίαις,
796 1943 853 2011 οῦκ
883 1945 1004 2010 ἐῶν
971 1972 1025 2022 τας
1054 1947 1286 2026 αισθῆσεις’
1266 1954 1336 2056 αφί·

224 2062 312 2117 τους,
345 2034 427 2146 πρός
464 2031 625 2118 ῦποδοχῆν
655 2058 739 2109 τινος
770 2036 830 2096 τῶν
857 2030 934 2097 κατό
967 2037 1084 2097 ταῦτα
1081 2041 1335 2144 μετεωρισμῶτ

224 2122 242 2190 6
273 2127 308 2188 66
337 2148 389 2187 και
420 2133 487 2198 τοῖς
507 2127 580 2204 περι
603 2120 640 2184 τά
661 2119 751 2226 πάθη
775 2125 870 2201 λογισ
895 2145 945 2195 οις
966 2126 1020 2184 καὶ
1043 2118 1291 2230 ἐνθυμήμασιν·
1318 2119 1333 2229 6

221 2214 256 2276 66
285 2215 339 2274 καὶ
368 2212 405 2297 τῆ
433 2204 498 2273 κατ’
527 2198 723 2285 αἴσθησιν
703 2203 823 2291 απάτη
863 2145 960 2281 ἀλλος
981 2208 1017 2270 66
1038 2211 1094 2270 καὶ
1117 2205 1179 2286 τῆν
1199 2208 1284 2294 πρός
1302 2206 1331 2272 τί

221 2293 360 2374 αίσθητά
389 2301 452 2358 τῶν
481 2291 666 2372 αίσθῆσεων
695 2291 748 2355 διὰ
779 2295 831 2371 τῆς
858 2295 992 2377 φυσικῆς
1021 2291 1228 2375 οικειότητος
1248 2319 1331 2362 σταν-

222 2381 389 2494 ρφῦμενος
396 2375 587 2446 ἀποτιθεται
611 2381 739 2463 σχέσιν·
769 2375 866 2454 ἀλλος
886 2382 922 2443 66
943 2385 997 2443 καὶ
1018 2382 1131 2444 πάσαν
1155 2385 1330 2457 καθολικῶς

222 2464 411 2570 αίσθητικῆν
440 2472 484 2554 τῷ
506 2470 632 2575 σταυρῷ
643 2467 880 2570 κατασβέννυσι
903 2471 1040 2549 κίνησιν,
1073 2465 1163 2550 πρός
1185 2494 1223 2533 το
1212 2466 1328 2553 μηδὲν

222 2552 394 2663 ἔγεινέυ’
383 2558 483 2641 εαυτῶ
505 2553 541 2618 τό
553 2550 716 2661 παράπαν
738 2554 880 2635 φυσικῶς
902 2550 1146 2660 ἓνεργοῦμενου·
1185 2552 1283 2631 ἀλλος
1299 2557 1326 2618 δὲ

221 2645 275 2706 καὶ
297 2636 389 2748 αῦτῆς
411 2644 464 2717 τῆς
485 2638 564 2704 κατά
587 2640 662 2703 νοῦν
682 2634 883 2702 ἀποπαύεται
904 2637 1097 2713 παντελῶς
1083 2647 1263 2743 ενεργείας,
1283 2645 1325 2706 καί

219 2728 275 2790 ’ἱνα
304 2752 339 2790 το
328 2725 519 2832 μείζον’
491 2725 587 2802 είπω,
622 2721 638 2789 ό
662 2749 720 2805 μεν
742 2727 779 2831 τῆ
800 2730 956 2834 πρακτικῇ
977 2724 1221 2836 ρταυροῦμευος
1243 2733 1323 2814 φιλο

223 2818 351 2922 σοφίᾳ
349 2807 388 2874 δι’
411 2805 589 2917 ἀπῳθείας,
613 2815 665 2875 και
688 2806 771 2892 πρός
792 2809 844 2888 τῆυ
868 2813 900 2875 ἐν
918 2808 1073 2894 πνεόματι
1093 2813 1236 2922 φυσικῆν
1252 2820 1323 2879 θεω-

223 2903 297 3007 ρίαν
325 2896 426 2979 ῶςπερ
455 2890 521 2960 ἀπό
550 2921 634 3005 τινφς
661 2894 781 2979 σαρκός
803 2899 860 2962 τοῦ
882 2900 1029 2979 Χριστοῦ
1049 2897 1136 2984 πρός
1158 2900 1215 2979 τῆν
1226 2897 1324 3006 φυγῆν

223 2980 321 3048 αάτοῦ
347 2979 612 3092 μεταβαίνων,ι
596 2986 672 3047 066
693 3009 746 3048 και
769 2987 806 3073 τῆ
809 2989 945 3094 ‚6110126
967 2989 1093 3092 θεωρία
1115 2985 1323 3071 νεκροῦμενος,

223 3068 275 3134 διὰ
305 3072 358 3148 τῆς
386 3065 556 3180 ἀποβολῆς
576 3072 629 3148 τῆς
658 3067 736 3134 κατὰ
767 3069 840 3134 νοῦν
870 3076 943 3153 περὶ
971 3067 1009 3133 τά
1041 3067 1120 3135 όντα
1143 3075 1323 3156 συμβολικῆς

143 3212 147 3217 .
224 3161 379 3239 θεωρίας,
413 3160 465 3221 καὶ
495 3153 577 3244 πρός
605 3153 658 3234 τῆν
673 3154 810 3266 ἑυοειδῆ
836 3183 888 3221 και
912 3133 1023 3235 ἁπλῆν
1058 3160 1112 3235 τῆς
1144 3161 1323 3243 θεολογικῆς

223 3243 394 3350 ἐπιστήμης
414 3247 637 3352 μυσταγῳγιῳυ
661 3242 763 3324 ῶςπερ
786 3238 853 3307 ἀπό
875 3267 960 3318 τινος
980 3245 1084 3326 ψυχῆς
1108 3249 1169 3310 τοῦ
1190 3247 1323 3328 Χριστοῦ

222 3326 329 3432 πρός
332 3328 388 3393 τόν
415 3332 490 3438 νοῦν
518 3325 615 3433 αῦτοῦ
639 3331 911 3438 μετατιθέμενος,
944 3325 960 3393 6
991 3332 1026 3392 66
1054 3335 1110 3394 καὶ
1133 3326 1204 3440 ἀπό
1227 3330 1323 3408 ταῦτης

223 3416 269 3491 είς
298 3411 351 3493 τῆυ
381 3411 463 3478 δι’
443 3414 636 3524 αποφάσεως
658 3412 874 3490 παντελοῦς”
852 3411 989 3500 αρρητου
1010 3411 1224 3526 ἀφαιρετικῆν
1246 3415 1323 3528 6661·

223 3506 315 3568 στίαυ
346 3501 447 3587 ὥςπερ
476 3498 543 3566 ἀπό
571 3526 656 3576 τινος
684 3525 740 3564 του
727 3476 908 3613 ’Χριστῦῦ
935 3502 1012 3573 νοός
1038 3501 1123 3586 πρὸς
1154 3504 1210 3584 τῆν
1240 3501 1323 3612 6616

153 3582 168 3597 ⁴
222 3587 360 3665 θεότητα
381 3592 540 3670 μυστικῶς
561 3585 772 3670 ἀναγόμενος·
809 3586 955 3669 εκαστος,
984 3583 1025 3663 ῶς
1048 3587 1147 3672 ἔφην,
1181 3590 1259 3701 κῳτὰ
1280 3587 1322 3667 τῆν

223 3675 336 3739 ἑαυτοῦ
366 3671 513 3758 δύναμιν,
548 3679 601 3738 καὶ
630 3673 683 3752 τῆν
709 3671 773 3738 κατ)
791 3670 897 3783 μ,ἀξίαν
911 3677 1150 3780 γορηγουμένην
1173 3675 1269 3786 6616t
1279 3678 1322 3740 τοῦ

222 3761 399 3844 πυεῦματος
420 3759 515 3844 χάριν
537 3759 592 3826 τόν
610 3759 795 3865 Χριστόυν
777 3785 859 3844 εχωυ
878 3757 1070 3870 ἀναλόγως
1057 3766 1164 3849 εαυτῳ
1182 3762 1238 3836 τάς
1254 3759 1321 3848 ῦηη·

223 3845 280 3923 λὰς
312 3845 365 3910 διά
399 3853 450 3926 τῆς
458 3845 562 3954 πρός
590 3846 693 3911 πάντα
721 3846 899 3929 υεκρῶσεως
928 3843 1099 3955 ἀναβάσεις
1106 3849 1321 3962 ποιοῦμενον,
1360 3894 1364 3899 -

225 3932 323 4009 οῦτως
352 3939 405 3997 καὶ
433 3931 489 3997 τόν
516 3929 657 3999 θειον’
637 3931 738 4042 66666
767 3931 898 4009 ἕκαστος
926 3929 1012 4015 ῆμῶυ
1038 3930 1081 4009 ῶς
1103 3933 1138 3999 ἐν
1163 3937 1252 4024 οικία
1273 3939 1321 4000 τινί

63 4048 111 4088 σοι.
127 4043 214 4089 τηνεί.
225 4023 267 4106 τῷ
290 4020 361 4106 ἰδίῳ
385 4019 518 4103 τάγματι
543 4024 595 4130 τῆς
613 4015 678 4084 κατ’
698 4015 810 4131 ἀρετῆν
827 4017 1024 4103 ἁρμοζούσης
1046 4018 1112 4101 6³
1071 4026 1161 4132 αυτῷ
1178 4019 1320 4089 καταστά·

225 4130 304 4215 σεῳς
325 4083 398 4170 θῦει
421 4131 453 4170 τε
475 4105 531 4170 τόν
552 4103 653 4216 ἀμνόν
675 4132 728 4170 και
719 4106 978 4188 μεταλαμβάνει
997 4111 1058 4170 τῶν
1077 4104 1180 4175 αῦτοῦ
1200 4111 1320 4222 σαρκῶν,

223 4197 277 4257 καὶ
300 4191 488 4302 ἐμφορεῖται
511 4197 567 4258 τοῦ
576 4189 698 4303 ’16606
737 4189 891 4258 Ἕκάστου
914 4191 973 4277 γάρ
993 4193 1077 4304 ἴδιος
1095 4202 1221 4277 γίνεται
1238 4191 1320 4307 ἀμιῦς
1365 4200 1369 4229 ³

224 4277 369 4363 Χριστός
393 4276 528 4359 Ἰησοῦς,
563 4275 605 4355 ῶς
635 4277 767 4383 ῦκαστρς
794 4290 910 4385 χωρεῖν
941 4305 972 4344 τε
1001 4306 1054 4345 και
1085 4280 1215 4349 ἐσθίειν
1240 4278 1320 4348 αῦτὸν

222 4365 369 4443 όάναται,
399 4365 499 4447 ἴδιος,
531 4362 660 4430 Παύλου
688 4369 744 4430 τοῦ
777 4365 924 4447 μεγάλου
939 4371 994 4443 τῆς
1011 4365 1174 4448 ἀληθείας
1194 4370 1317 4457 κηρυκοςι
