2752 4778
1135 156 1180 231 lt

175 346 209 405 ln
242 347 391 422 qnantum
414 343 495 401 enim
517 344 643 403 verbnm
667 349 714 402 εει
736 342 913 402 naturaliter
935 343 1027 415 dens,
1059 344 1101 403 ita
1124 360 1181 404 ncc

104 433 235 506 adiens,
258 446 316 492 nec
338 427 516 489 inobediens
541 429 598 489 dici
619 431 734 504 potest,
759 429 902 503 qnoniam
926 429 1104 491 naturaliter
1126 431 1181 491 do·

104 520 172 580 inus
195 523 244 579 cst
266 517 366 576 omnis
389 516 570 590 praecepti,
591 517 678 576 cuins
701 521 731 574 et
753 517 857 575 auctor
880 517 995 593 existit,
1028 519 1183 595 praecepti

104 621 161 667 nro
184 603 360 666 observatio
383 606 429 662 esi
450 600 637 676 obedientia,
660 603 866 678 transgressio
886 608 988 663 autem
1006 602 1183 664 inobedien-

104 707 122 752 ι,
168 689 351 766 Adimpletio
375 689 454 747 enim
477 693 508 749 et
528 690 733 765 transgressio
755 688 832 765 tagis
855 695 886 749 et
907 689 1061 765 praecepti
1082 704 1122 749 ex
1144 705 1181 750 eo

104 793 171 839 nnn
200 792 315 856 genere
346 780 418 835 sunt
449 788 528 849 qnae
558 779 673 836 motum
697 773 829 844 habent,
860 791 1055 851 nequaquam
1077 781 1181 836 autem

104 865 202 925 ianm
224 863 329 924 referri
351 861 479 934 debent,
504 861 589 921 cnirts
614 867 722 921 natura
747 865 776 920 ει
797 863 932 922 'essentia
956 867 1003 922 est
1025 864 1180 939 ipsissima

104 967 166 1014 nes.
347 984 349 988 ·

178 1034 214 1094 Ut
236 1037 340 1094 antem
364 1033 442 1092 servi
465 1031 578 1104 forma,
613 1031 644 1091 id
667 1037 716 1090 esi
737 1031 829 1090 horno
852 1035 962 1093 natura
982 1033 1097 1110 factus,
1129 1034 1182 1094 de·

104 1123 153 1183 isit
181 1135 216 1181 se
241 1119 281 1181 ad
304 1135 488 1192 conservos,
517 1119 578 1178 imo
601 1133 724 1188 servos,
757 1118 786 1177 in
810 1117 941 1178 alienam
962 1118 1090 1181 formam
1114 1136 1182 1181 mu·

104 1214 167 1279 rins,
197 1205 291 1267 simul
320 1221 389 1266 cnm
419 1210 526 1265 natura
556 1205 647 1264 etiarn
679 1203 909 1278 passibilitatem
933 1210 1057 1265 nostrae
1079 1210 1181 1267 antem

104 1295 216 1371 rsoepn.
260 1291 315 1352 Est
333 1294 437 1366 ntique
455 1291 611 1367 peccantis
629 1305 746 1350 merces
766 1290 899 1351 alienum
919 1291 1063 1365 quiddam
1084 1293 1112 1352 ei
1130 1294 1180 1367 qni

104 1398 128 1443 cr
148 1385 435 1453 naturampeccare
454 1378 570 1456 nascit,
598 1377 649 1437 ilia
669 1382 770 1438 autem
790 1393 907 1437 merces
928 1383 975 1438 est
992 1377 1180 1440 condemna-

104 1467 228 1529 ntotius
251 1471 399 1540 naturae,
429 1470 464 1524 ut
485 1465 617 1539 patiatur
638 1469 760 1538 propter
781 1464 1069 1541 transgressionem.

156 1551 188 1613 Si
216 1567 289 1611 vcro
320 1551 494 1612 exinanitus
525 1551 605 1609 servi
633 1549 746 1623 forma,
788 1549 846 1610 hoc
876 1554 924 1609 esi
956 1550 1047 1610 horno
1080 1551 1178 1611 facins

104 1639 142 1709 nt,
174 1645 204 1698 et
226 1636 443 1699 condescendit
464 1638 493 1695 in
519 1635 649 1696 alienam
672 1635 815 1711 formam,
839 1636 867 1695 id
887 1643 934 1697 εει
956 1636 1048 1697 horno
1070 1637 1102 1697 fit
1125 1653 1179 1698 na-

104 1739 140 1784 na
169 1723 325 1801 passibilis
348 1739 402 1799 per
424 1723 675 1792 exinanitionem,
710 1724 837 1782 sanein
862 1738 898 1783 eo
920 1724 1120 1799 conspicitur,
1149 1732 1178 1784 ει

104 1812 203 1888 anigno
227 1817 257 1870 ει
278 1826 352 1887 erga
375 1809 514 1870 homines
532 1809 696 1881 benevolo,
727 1808 963 1883 condescensio,
994 1823 1071 1884 quae
1093 1809 1177 1869 iilum

104 1904 264 1960 amonstrat
295 1913 357 1957 non
391 1895 488 1956 solum
521 1911 590 1955 vere
620 1896 791 1977 hominem,
828 1897 883 1956 sed
912 1903 941 1957 ει
969 1903 1079 1957 natura
1108 1911 1177 1956 vere

104 1983 246 2044 assibilem
277 1983 440 2043 hominem.
509 1981 698 2058 Quapropter
737 1982 881 2058 magister
922 1983 1008 2055 dicit,
1053 1983 1177 2054 ,Totum

104 2085 124 2129 ιε
150 2070 241 2131 simui
270 2085 340 2130 cnm
369 2068 590 2129 infirmitatibus
621 2069 698 2128 meis
727 2069 756 2127 in
789 2084 823 2128 se
850 2071 917 2144 ipso
948 2069 1082 2139 ferens‘‚
1119 2068 1177 2128 hoc

104 2161 123 2215 ιι
137 2161 230 2218 totam
250 2155 415 2218 humanam
436 2159 593 2225 naturam,
615 2169 670 2230 per
687 2153 910 2230 hypostaticam
934 2156 1093 2229 unionem,
1115 2156 1178 2214 una

104 2258 141 2303 rm
163 2246 229 2304 eins
251 2239 407 2303 affectitm
430 2239 693 2316 inseparabilibus.
738 2238 790 2299 His
813 2242 855 2300 ita
878 2242 989 2318 gestis,
1020 2247 1050 2301 ct
1070 2256 1105 2300 eo
1124 2241 1179 2300 ab·

104 2336 192 2405 nmptn
222 2329 304 2405 qnod
325 2333 391 2388 erat
412 2329 441 2385 in
464 2328 552 2388 nobis
576 2326 726 2399 deterius,
761 2338 815 2401 par
838 2327 919 2402 qnod
942 2329 1032 2387 eiiam
1055 2333 1179 2387 nostrae

104 2418 197 2477 ntnrae
225 2415 392 2477 insinuavit
420 2429 490 2474 sese
520 2409 553 2475 τὸ
583 2413 727 2489 passibile
756 2413 827 2492 (hoc
850 2420 968 2485 autem,
1002 2420 1034 2474 ut
1056 2413 1177 2489 planius

104 2501 186 2574 icam,
216 2508 282 2562 erat
311 2501 430 2576 peccati
459 2500 508 2561 lex
530 2506 559 2560 et
581 2500 851 2578 transgressionis,
883 2516 962 2576 quac
985 2502 1064 2560 vires
1088 2501 1177 2560 sumit

117 2603 207 2664 prava
229 2592 353 2649 nostrae
375 2587 539 2648 voluntatis
567 2586 782 2657 inclinatione,
816 2603 894 2663 qnae
917 2592 1046 2648 naturae
1069 2591 1177 2662 sponte

104 2688 132 2733 na
151 2674 288 2750 passibili
311 2671 436 2733 affectus
465 2673 688 2750 superinfundit
715 2690 796 2734 nunc
823 2675 988 2750 remissos,
1023 2691 1102 2734 nunc
1126 2690 1178 2734 ve-

104 2758 261 2843 ementes),
290 2762 348 2820 sub
371 2764 497 2836 peccato
521 2759 661 2820 detentos
684 2776 744 2820 non
764 2767 881 2821 tantum
900 2762 1049 2840 servavit,
1072 2776 1177 2820 verum

104 2846 160 2907 iam
193 2847 316 2908 divinae
350 2848 468 2907 virtutis
497 2847 661 2923 participas
689 2845 800 2922 effecit,
844 2849 975 2921 pretium
1004 2864 1058 2923 pro
1088 2847 1176 2907 nobis

104 2947 138 2992 ise
159 2931 323 3010 deponens.
370 2931 445 2993 Nam
468 2949 523 3008 per
541 2933 704 2994 voluntatis
723 2935 927 2994 constantiam
949 2935 1029 2995 circa
1046 2934 1076 2993 id
1097 2934 1176 3009 qnod

104 3020 192 3096 cipsa
213 3022 327 3080 bonum
352 3025 414 3090 est,
449 3025 479 3079 ει
501 3021 621 3097 animae
643 3019 769 3080 firmitas
793 3024 822 3080 ει
844 3022 977 3097 corporis
999 3020 1177 3080 immortali-

104 3120 122 3164 s
142 3105 310 3168 innascitur
333 3107 472 3166 omnibus
495 3107 532 3166 iis
556 3107 606 3182 qni
624 3111 741 3168 tantum
764 3108 893 3187 gratiam
917 3124 978 3167 non
997 3107 1065 3166 ficte
1083 3122 1176 3168 exco-

104 3191 164 3252 isse
186 3192 378 3254 adlaborani.
431 3190 497 3254 Hoc
519 3193 598 3254 enim
621 3198 669 3253 est
692 3191 771 3269 quod
796 3194 1009 3254 sanctissimus
1032 3193 1177 3269 magister

104 3276 179 3350 duit,
207 3295 277 3340 aum
301 3278 429 3350 diceret,
458 3279 511 3349 ,Ut
532 3274 613 3354 quod
636 3280 771 3340 deterius
796 3285 858 3350 est,
886 3281 916 3340 in
940 3295 975 3340 se
999 3281 1064 3355 ipse
1084 3280 1177 3339 absu-

104 3370 134 3425 ει
162 3371 190 3426 ει
220 3364 377 3440 conficiat,
409 3381 469 3426 non
499 3360 595 3426 secus'
614 3380 650 3426 ac
673 3382 774 3428 ceram
797 3367 892 3443 ignis,
926 3373 979 3427 ant
1001 3371 1100 3426 terrae
1123 3379 1177 3424 va-

104 3465 172 3512 nem
201 3451 276 3513 solis
306 3451 427 3523 radius,
457 3455 549 3527 atque
576 3453 643 3528 ipse
672 3455 711 3513 ob
734 3452 910 3512 huiusmodi
933 3452 1175 3513 coniunctionem

104 3551 216 3600 cnorum
238 3537 320 3599 iilius
343 3538 496 3614 particeps
518 3538 615 3613 fiam‘,
646 3540 675 3599 id
700 3543 748 3599 est
771 3555 789 3601 a
810 3539 1007 3615 passionibus
1030 3554 1084 3615 per
1104 3543 1184 3615 gra·'

104 3638 140 3683 nn
162 3625 328 3685 mundatus
351 3626 377 3684 ei
401 3623 508 3685 similis
530 3623 654 3685 efficiar.
706 3625 759 3685 Est
781 3642 871 3700 porro
894 3631 923 3686 ct
945 3625 1005 3685 alia
1027 3623 1176 3700 expositio

104 3725 174 3770 rrum
197 3711 376 3784 verborum,
407 3710 548 3772 Alienam
568 3710 697 3772 formam
721 3713 872 3788 suscepit,
898 3726 988 3787 qnam
1011 3727 1068 3788 ego
1087 3709 1175 3770 didici

109 3795 238 3871 quodam
261 3799 369 3857 sancto
394 3797 473 3868 viro,
508 3796 657 3874 dictisque
686 3804 715 3860 et
744 3798 830 3859 iactis
861 3799 1097 3874 sapientissimo.
1146 3793 1175 3854 is

104 3881 158 3943 nur
189 3898 208 3943 a
239 3898 288 3943 me
315 3884 520 3961 interrogatus
550 3884 721 3961 respondit,
754 3885 846 3944 verbo
875 3883 926 3943 dei
955 3901 1010 3961 per
1032 3885 1175 3943 naturam

104 3967 288 4043 adientium,
319 3973 382 4031 tum
412 3970 630 4031 subiectionem
658 3971 788 4032 alienam
819 3987 908 4040 esse,
936 3969 1018 4031 hanc
1047 3969 1096 4030 iiie
1118 3985 1174 4045 pro

117 4135 215 4260 magd
241 4138 299 4192 cod.
326 4138 392 4192 Gnd.
464 4141 488 4190 7.
515 4139 560 4204 τῆς
583 4137 694 4208 ’φύσεως
718 4155 768 4193 om.
795 4141 835 4191 ed.
857 4139 912 4192 Gai.
983 4141 1008 4191 8.
1034 4137 1108 4191 ἔστιν
1133 4139 1173 4189 ed.

104 4205 151 4333 3cde
166 4272 312 4339 κενωθεὶς,
337 4271 392 4344 ἄρα
411 4276 452 4332 ed.
474 4277 528 4330 Gai.
587 4281 627 4330 tn.
647 4272 829 4344 ἀνθρωπίνην
847 4278 889 4329 ed.
901 4277 966 4331 ‘aaa
1023 4277 1061 4329 13.
1081 4272 1175 4326 δαπα-

104 4357 142 4395 an
158 4346 200 4401 cd.
220 4345 274 4400 nar.
297 4347 339 4398 14.
358 4345 424 4405 ἴσως
442 4346 498 4400 cod.
519 4349 585 4400 nod.

194 4243 201 4257 .
220 4204 319 4276 μορφὴ
338 4207 395 4260 cod.
411 4207 487 4270 Gud.‚
506 4211 544 4261 nti
563 4225 650 4276 snpra.
705 4209 745 4262 10.
763 4207 870 4276 γίνεται
891 4210 932 4260 ed.
947 4208 1002 4262 Gai.
1058 4208 1098 4258 ll.
1118 4219 1175 4258 πα-
