2768 4784
1177 175 1250 257 881

141 371 306 442 utcunque
325 371 480 442 separata.
531 364 636 440 Neque
658 366 739 426 enim
760 371 826 426 erat
847 379 984 440 unquam
1007 366 1130 425 omnino
1152 364 1255 440 aliqua

142 458 260 512 natura
282 453 312 510 in
334 453 379 513 eis
402 469 480 527 quac
503 453 655 524 existunt,
680 468 779 527 neque
802 457 864 525 est,
889 468 989 527 neque
1011 453 1067 510 erit
1084 451 1253 513 secundnm

142 553 236 600 suam
266 539 362 614 ipsios
391 540 539 599 rationem
570 540 630 598 tale
660 537 731 613 qnid
758 544 867 598 extans
895 539 976 612 quod
1004 553 1087 597 nunc
1114 545 1253 610 nonest,

143 641 247 700 neque
275 626 412 700 proiecto
441 640 524 685 nuno
553 629 601 684 est
628 628 681 685 aut
708 626 738 683 in
768 624 867 684 tuturo
897 626 953 684 erit.
975 623 1058 699 quod
1080 629 1170 683 antea
1193 640 1253 684 non

142 712 209 770 fuit.
256 710 390 783 Quorum
414 713 495 770 enim
518 711 652 770 rationes
673 708 756 786 apud
778 710 869 770 deum
892 709 983 770 simul
1005 727 1074 770 cum
1094 711 1255 770 existentia

143 797 363 872 perfectionem
385 796 575 866 babuerunt,
607 795 716 856 horum
739 795 908 856 secundnm
932 813 1006 857 suas
1029 796 1162 856 rationes
1184 813 1254 872 pro-

144 883 247 943 ductio
276 889 367 957 atque
396 885 426 941 in
457 883 625 943 essentiam
654 881 783 958 prolatio
806 882 1004 942 additamenti
1026 884 1125 942 omnis
1149 887 1180 941 et
1201 882 1255 942 de-

144 970 242 1029 iectus
265 969 306 1029 ad
329 971 525 1029 existentiam
548 985 615 1028 eam
639 984 728 1043 quam
752 970 859 1029 sortita
881 974 954 1028 sunt
976 975 1116 1043 expertes
1141 973 1170 1027 et
1191 985 1252 1029 non

144 1071 288 1131 capaces.
335 1053 395 1116 Sed
418 1056 493 1115 satis
517 1071 586 1115 esse
609 1055 715 1129 opinor
736 1071 814 1130 quae
836 1071 919 1114 nunc
944 1054 1114 1114 secundum
1138 1071 1255 1114 sermo-

144 1143 193 1202 nis
222 1141 445 1220 digressionem
470 1141 561 1200 etiam
584 1140 746 1201 adversum
771 1141 830 1200 hos
853 1139 1021 1215 disputavi,
1055 1156 1094 1199 ne
1114 1140 1202 1200 facile
1224 1141 1253 1198 in

144 1228 298 1288 absurdas
337 1229 496 1302 opiniones
536 1227 783 1288 abstraherentur
817 1227 856 1286 ab
892 1227 936 1286 eis
972 1228 1023 1301 qui
1059 1226 1254 1286 artificiosam

143 1314 390 1390 probabilitatem
419 1317 449 1372 in
480 1328 653 1373 sermonum
682 1312 847 1390 elegantiis
868 1329 923 1387 pro
945 1312 1004 1373 tide
1026 1313 1141 1372 babent
1162 1317 1254 1387 atque

144 1401 372 1462 commendant.

144 1581 268 1675 Quare
300 1583 474 1682 magister
507 1606 593 1656 cum
618 1583 868 1657 incarnatione
893 1581 1126 1658 coniunxerit
1150 1606 1253 1682 gene·

195 1686 376 1762 rationem
401 1710 468 1784 per
492 1685 729 1784 baptismum.

251 1841 316 1914 Quo
346 1847 489 1917 respectu
516 1849 547 1901 et
576 1857 638 1917 qua
666 1857 763 1902 causa
786 1843 934 1918 magister
956 1860 1024 1903 cum
1046 1844 1256 1904 incarnatione

142 1929 337 1989 coniunxerit
353 1930 581 2005 generationem
603 1943 658 2003 per
680 1929 864 2002 baptismum
887 1929 957 2008 (boc
979 1930 1059 1989 enim
1080 1935 1178 1990 restat
1201 1930 1256 1988 ad-

141 2014 206 2073 huc
235 2014 445 2089 quaerendum
473 2016 504 2073 in
533 2014 593 2074 hac
623 2011 860 2090 disputatione),
894 2014 924 2073 id
954 2015 1084 2074 breviter
1110 2022 1144 2075 ut
1166 2015 1255 2074 didici

142 2117 199 2176 pro
223 2102 337 2162 viribus
360 2103 436 2160 meis
458 2116 620 2174 exponam.
680 2098 735 2171 Qui
758 2093 861 2158 divina
882 2101 1011 2174 mystice
1033 2107 1165 2161 tractant
1185 2116 1255 2160 ora·

141 2187 231 2259 cula,
263 2203 300 2247 ac
328 2187 571 2256 sublimioribus,
600 2192 635 2246 ut
654 2202 711 2260 par
734 2191 797 2258 est,
829 2185 1136 2261 contemplationibus
1159 2187 1255 2247 bono·

142 2278 228 2343 rant,
266 2273 420 2333 hominem
457 2272 495 2332 ad
532 2273 579 2332 dei
613 2273 776 2348 imaginem
805 2271 835 2329 in
863 2272 1010 2348 principio
1039 2273 1151 2333 tectum
1183 2290 1255 2333 esse

142 2358 284 2428 madunt,
324 2375 408 2421 cum,
430 2359 523 2432 plane
560 2358 729 2419 secundum
761 2356 946 2419 voluntatem
965 2357 1142 2436 'generatus
1171 2367 1256 2420 esset

142 2445 269 2520 spiritu,
303 2452 335 2505 et
368 2444 595 2504 similitudinem
628 2443 709 2504 bano
741 2445 900 2519 accepisse
929 2445 1102 2505 attributam
1133 2451 1256 2522 propter

141 2536 300 2591 servatum
330 2531 379 2590 dei
410 2530 602 2602 mandatnm,
634 2536 669 2590 nt
697 2529 778 2589 idem
806 2531 898 2591 borno
926 2532 1103 2607 figmentum
1134 2533 1255 2607 quidem

142 2619 183 2677 sit
214 2617 262 2675 dei
292 2617 461 2676 secundum
494 2622 652 2687 naturam,
682 2616 736 2676 sed
765 2616 844 2676 tilius
867 2616 916 2676 dei
939 2622 969 2676 et
991 2617 1067 2676 dens
1089 2635 1145 2694 per
1166 2621 1256 2695 spiri-

142 2710 207 2765 tum
236 2704 406 2763 seeundum
437 2704 578 2780 gratiam.
630 2701 695 2761 Non
725 2703 807 2761 enim
836 2702 923 2763 aliter
945 2702 993 2762 dei
1016 2703 1096 2765 filius
1119 2721 1156 2765 ac
1177 2705 1255 2765 dens

142 2789 313 2851 secundum
344 2789 461 2867 gratiae
489 2788 710 2849 deificationem
739 2789 836 2864 potuit
857 2790 1013 2866 designari
1034 2791 1127 2851 homo
1145 2793 1254 2865 iactus,

142 2877 201 2943 nisi
231 2882 324 2935 antea
347 2874 517 2935 secundum
541 2874 728 2935 voluntatem
750 2880 835 2934 esset
861 2876 968 2950 spiritu
996 2885 1180 2952 generatus,
1216 2881 1255 2939 ob

141 2979 211 3022 eam
242 2976 333 3036 quam
361 2961 539 3022 naturaliter
569 2961 597 3017 in
628 2978 664 3022 se
690 2961 783 3021 babet
811 2966 994 3037 potestatem
1025 2962 1110 3022 liberi
1132 2965 1253 3024 arbitrii.

141 3047 228 3108 lianc
257 3049 348 3124 igitur
377 3048 515 3107 deificam
545 3052 637 3119 atque
667 3047 799 3106 divinam
822 3054 852 3108 et
873 3048 1101 3109 immaterialem
1124 3067 1255 3127 genem-

141 3136 256 3195 tionem
286 3150 355 3194 oum
384 3135 500 3209 primus
523 3131 614 3190 homo
637 3132 840 3202 deseruisset,
874 3135 944 3208 quin
966 3135 1012 3193 eis
1036 3149 1116 3209 quae
1138 3137 1254 3196 intelle-

141 3227 210 3280 ctus
241 3225 313 3280 sunt
341 3226 371 3280 et
400 3222 438 3279 ab
461 3220 618 3278 oculorum
642 3220 749 3280 obtutu
770 3225 888 3279 remota
911 3220 1029 3279 interim
1054 3222 1141 3280 bonis
1166 3239 1254 3297 prae-

141 3307 209 3367 tulit
238 3305 414 3365 sensibilem
443 3306 631 3380 voluptatem
664 3311 695 3366 et
727 3306 935 3381 manifestam,
975 3307 1139 3381 corporali,
1175 3325 1253 3383 quae

141 3410 202 3452 non
228 3394 324 3452 nostri
346 3408 456 3466 nempe
478 3393 517 3451 sit
540 3393 668 3460 arbitrii,
692 3408 729 3452 ao
752 3392 899 3451 materiali
921 3398 952 3451 et
972 3392 1034 3452 lato
1057 3395 1254 3455 concedenda

140 3479 339 3555 generatione
370 3478 550 3548 damnatur,
578 3480 660 3538 iusto
688 3478 737 3537 dei
769 3479 897 3549 iudicio,
932 3479 981 3552 qui
1011 3485 1120 3553 sponte
1150 3483 1253 3554 peiora

140 3564 318 3640 praetulerit
339 3564 532 3634 melioribus,
554 3565 584 3622 id
603 3570 651 3624 est
673 3565 902 3639 generationem
926 3564 1062 3638 passioni
1085 3567 1252 3627 subiectam

140 3657 172 3710 et
193 3651 335 3711 servilem
358 3659 388 3710 et
410 3659 563 3722 coactam,
587 3652 617 3708 in
640 3649 763 3709 modum
788 3651 952 3709 bestiamm
976 3655 1075 3709 terrae
1098 3653 1252 3713 brutarum

140 3745 170 3797 et
191 3737 319 3814 pecudis
344 3743 447 3797 mente
476 3739 625 3808 carentis,
656 3735 833 3810 praetulerit
854 3735 983 3795 libertati
1007 3752 1043 3795 ac
1066 3741 1252 3813 generationi

139 3841 159 3883 a
190 3825 337 3899 passione
367 3823 480 3882 liberae
509 3828 539 3880 et
569 3823 615 3880 sui
646 3822 759 3880 arbitrii
780 3828 812 3881 et
834 3827 976 3894 sanctae,
1006 3829 1099 3896 atque
1121 3842 1175 3900 pro
1197 3824 1253 3884 ho·

140 3925 215 3968 nore
244 3926 314 3968 cum
344 3908 402 3968 deo
432 3915 462 3967 et
489 3908 590 3967 divino
623 3914 652 3966 et
680 3905 822 3968 ineffabili
843 3910 970 3968 mercari
997 3909 1125 3969 voluerit
1147 3908 1250 3986 parem

139 4012 209 4056 cum
240 3997 408 4055 insensatis
439 3995 543 4053 bestiis
569 4000 599 4053 et
620 3992 833 4054 inhonoratam
855 3996 886 4052 in
908 3998 1066 4055 materiam
1091 3997 1250 4074 relegatio-

139 4099 220 4142 nem.
288 4082 355 4154 Qua
392 4081 544 4140 hominem
583 4081 709 4140 liberare
744 4085 775 4139 et
803 4080 843 4139 ad
872 4081 1086 4142 beatitudinem
1118 4084 1249 4145 divinam

139 4168 287 4228 reducere
315 4166 422 4227 rolens
446 4165 569 4236 Sermo,
602 4171 729 4226 naturae
756 4165 910 4226 humanae
940 4169 1062 4238 artilex,
1096 4169 1188 4231 homo
1211 4188 1248 4231 cx

138 4254 314 4314 bominibus
341 4269 413 4312 vere
441 4253 473 4312 tit
502 4257 594 4326 atque
623 4257 787 4329 generatur
814 4252 1010 4327 corporaliter
1032 4256 1098 4315 sine
1122 4264 1250 4332 peccato

139 4347 263 4418 propter
285 4339 456 4413 bominem,
480 4344 511 4398 et
532 4339 718 4415 baptizatur,
742 4343 851 4415 sponte
873 4340 998 4400 subiens
1020 4345 1248 4418 generationem
