2768 4784
1175 202 1248 279 att

137 389 276 465 genitale
304 388 411 457 habat,
453 391 501 463 qui
534 388 740 464 spiritualibus
772 387 909 447 abundat
936 387 1250 463 contemptationibus,

139 476 190 549 qai
219 474 481 552 inentiaguibhem
511 481 541 534 et
569 475 836 551 flagrantissimum
869 474 1065 548 impassibilis
1099 475 1251 548 appetitus
1286 518 1292 531 .

139 578 208 622 curn
240 561 301 622 deo
328 561 460 622 coeundi
484 577 620 621 amorem
643 560 747 620 hahet.
801 558 948 620 intestina
970 577 1041 621 vero
1064 559 1253 636 participabit

140 649 375 721 convenienter,
408 649 459 722 qai
479 648 676 724 indagatione
697 648 797 721 magis
820 647 940 707 occulta
962 653 992 706 et
1011 649 1184 722 cognitione
1203 647 1252 705 ia·

140 733 304 794 tellectuuii
334 733 485 812 profunda
515 733 564 792 dei
591 733 793 809 pervestigat,
823 738 854 792 et
875 729 1252 808 ineffabilibus'mysteriit

141 825 306 880 saturatur.
369 817 467 879 Maius
497 819 567 894 quid
598 835 698 878 sermo
728 817 859 878 audebit.
914 817 1072 878 inferiores
1102 819 1251 878 sermonis

141 913 245 981 partes
275 906 467 983 participabit
495 908 649 981 sapienter
677 908 704 963 is
734 906 785 980 qai
816 904 999 965 rationaliter
1028 913 1134 966 cantra
1156 910 1252 965 mate·

142 994 215 1052 riam
247 998 326 1065 stat,
358 999 389 1052 ct
410 992 597 1068 impollutam
620 993 744 1050 omnino
766 1007 833 1049 cum
858 991 960 1050 anime
983 1008 1104 1050 carnem
1128 1007 1252 1051 conser-

143 1085 209 1151 vat,
240 1084 269 1139 et
297 1083 393 1138 totum
423 1095 458 1138 uc
487 1079 553 1138 sine
582 1077 702 1138 deiectu
731 1094 768 1137 ea
797 1093 986 1150 sermonem,
1025 1080 1076 1152 qai
1106 1093 1176 1136 caro
1205 1082 1253 1136 est
1317 1120 1364 1144 ‚,‚

142 1164 258 1234 iactas,
280 1165 439 1224 virtutibus
463 1164 587 1240 effingit.
635 1160 761 1223 Femora
787 1170 889 1223 autem
909 1165 1102 1238 participabit.
1118 1165 1169 1238 qui
1187 1179 1252 1222 ser-

142 1264 265 1311 monem
288 1253 318 1310 in
340 1251 476 1326 passibili
499 1252 621 1310 anianae
643 1257 731 1326 parte
753 1249 846 1308 habet
867 1251 1057 1324 impositum,
1088 1266 1125 1310 nc
1145 1249 1252 1308 motio-

143 1354 210 1397 nem
227 1338 293 1398 eius
310 1339 340 1396 in
360 1339 517 1398 materiam
537 1353 664 1413 pronam
681 1352 806 1412 prorsus
826 1337 988 1411 exstirpat:
1016 1351 1119 1413 genua
1136 1341 1252 1404 contra,

142 1425 192 1499 qui
224 1424 264 1483 ad
286 1425 422 1484 iacentes
446 1428 476 1482 ct
496 1424 556 1483 iide
578 1421 722 1483 labantes
745 1422 980 1483 misericorditer
1002 1423 1040 1482 de
1062 1422 1252 1498 procidentia

141 1509 283 1579 inclinat,
320 1516 411 1586 atquc
446 1510 596 1571 sermonis
630 1510 669 1570 ad
697 1527 755 1570 nos
786 1508 1081 1569 condescensionem
1108 1509 1250 1568 imitatur.

141 1594 245 1657 'sibiae
274 1594 406 1671 denique
435 1604 465 1657 et
493 1595 589 1673 pedes
620 1598 796 1672 participato
825 1594 978 1669 adhaec,
1015 1597 1063 1670 qai
1086 1593 1251 1670 intrepidos

142 1688 171 1742 et
199 1683 402 1743 inconcussos
432 1684 460 1741 in
490 1682 548 1742 fide
579 1688 607 1741 et
637 1684 744 1742 virtute
770 1689 800 1742 et
822 1683 994 1759 cognitione
1016 1682 1110 1742 habet
1131 1681 1252 1741 animae

142 1785 288 1847 gressus,
320 1775 349 1829 et
376 1771 462 1829 iuxta
489 1770 676 1845 propositam
702 1775 884 1846 approperat
911 1768 950 1847 ad
973 1769 1138 1844 praemium
1162 1772 1253 1826 vocri-

142 1856 234 1914 tionis
256 1856 286 1913 in
311 1855 445 1931 caelum,
471 1857 583 1930 quique
605 1851 797 1933 ignorantiae
821 1861 939 1914 montes
959 1857 1172 1930 nequitiaeque
1191 1853 1252 1914 col·-

142 1940 186 2000 les
218 1941 348 2000 transilii
378 1959 446 2000 curn
477 1943 604 2002 rationo.
658 1940 717 2001 Sed
746 1943 813 2016 quis
844 1943 946 2000 omniu
976 1941 1253 2000 salvatorisnostn

142 2026 190 2088 dei
213 2034 336 2104 propter
358 2044 415 2086 nos
438 2030 572 2104 cogitatu
595 2043 775 2087 enumerare
798 2029 907 2103 poterit
930 2028 1037 2100 quibus
1062 2025 1251 2086 esculentum

142 2128 214 2173 sese
235 2120 328 2188 atque
351 2114 511 2174 iraeadem
534 2116 749 2174 convenienter
770 2114 935 2186 uuicuique
961 2110 1112 2172 effecerit?
1155 2096 1254 2172 Habet

143 2201 222 2259 euim
254 2199 397 2259 dominas
426 2200 464 2258 ud
495 2202 597 2260 omnia
627 2201 705 2260 haec
735 2201 892 2260 cincinnos
922 2205 951 2258 et
980 2215 1070 2258 nares
1099 2204 1129 2258 et
1158 2197 1252 2268 labra,

143 2287 292 2345 ceruicem
315 2285 521 2361 humerosque
545 2304 580 2346 ac
604 2287 729 2362 digitos,
758 2292 787 2344 et
810 2300 1009 2360 quaecunque
1033 2292 1157 2345 nostrae
1180 2298 1252 2343 con-

143 2372 323 2449 stitutionis,
337 2372 374 2431 de
404 2390 440 2432 eo
462 2373 592 2449 figurate
614 2373 781 2448 praedicuri
805 2370 913 2430 solent.
972 2372 1012 2431 Ea
1036 2372 1252 2430 convenienter

143 2464 235 2533 atque
271 2458 381 2518 utiliter
416 2461 600 2535 participant
635 2460 684 2533 qui
720 2460 749 2517 in
786 2473 938 2532 quamque
968 2464 996 2517 et
1027 2472 1080 2532 per
1111 2455 1252 2531 quodque

144 2544 311 2605 membrum
343 2545 543 2622 significatam
572 2547 719 2605 rationem
744 2548 961 2603 instaurantur.
1014 2542 1057 2602 lta
1084 2559 1182 2620 agnus
1205 2541 1253 2602 dei

143 2629 336 2703 comedetur,
372 2631 541 2691 secandum
570 2632 653 2692 hunc
682 2637 822 2692 sanctam
853 2636 883 2689 et
912 2636 1056 2709 magnum
1087 2629 1252 2703 doctorem,

143 2723 171 2776 et
199 2717 230 2791 in
260 2719 488 2776 concoctionem
518 2718 703 2792 spiritualem
733 2717 900 2793 digeretur,
936 2710 1008 2776 rium
1036 2717 1252 2795 participantes

143 2818 176 2862 se
200 2802 309 2878 spiritu
331 2804 361 2860 in
385 2819 419 2862 sc
441 2804 542 2879 ipsum
566 2804 705 2864 immutat
729 2800 819 2877 atque
842 2808 1017 2879 regenerat,
1050 2812 1254 2878 unumquem-
1317 2858 1319 2863 .

143 2906 201 2965 que
238 2904 341 2948 eorum
378 2891 408 2948 in
446 2891 570 2948 membri
608 2892 646 2950 uh
682 2907 718 2949 eo
748 2889 844 2948 vorati
875 2889 973 2949 locum
1004 2905 1058 2964 pro
1088 2888 1252 2965 corporatis

142 2974 258 3034 ordinis
292 2980 322 3034 et
356 2978 629 3052 coagmentationis
662 2977 813 3052 positione
848 2975 1004 3034 attrahens
1034 2982 1124 3049 atque
1153 2981 1253 3035 trans·

143 3077 279 3137 ponens,
318 3062 359 3121 itu
388 3069 421 3121 ut
450 3062 622 3123 humaniter
652 3078 689 3120 eu
720 3076 798 3135 quae
826 3063 978 3120 orrircrsis
1009 3063 1089 3122 inest
1117 3064 1193 3120 ratio
1221 3062 1252 3119 in

143 3149 234 3209 rebus
265 3148 401 3207 essentia
424 3147 491 3217 hat,
526 3165 602 3221 qnae
625 3150 701 3209 ratio
724 3147 789 3208 sola
813 3152 936 3222 superat
959 3154 1099 3207 astruam
1121 3150 1253 3220 itemque

143 3248 324 3295 sennonem.

142 3399 200 3479 Ex
222 3401 353 3475 codem
376 3426 563 3491 sermone,
592 3401 629 3474 in
653 3400 767 3490 iilud,
796 3401 1055 3492 ‚Mortificatus
1077 3401 1252 3493 membra,
1350 3451 1353 3456 ·

194 3529 287 3603 quae
313 3513 400 3577 sunt
422 3528 534 3601 super
556 3513 709 3595 terram,
739 3514 774 3578 et
798 3505 955 3578 solitarii
978 3505 1082 3578 illius
1106 3502 1252 3578 Ioannis

194 3618 232 3680 et
253 3608 500 3705 praecursoris
521 3607 717 3706 magnique
736 3607 901 3680 veritatis
916 3609 1124 3705 praeconis,
1151 3630 1252 3704 prae·

195 3709 414 3784 cinctionem
440 3709 610 3783 imitans!

249 3863 373 3925 loannis
395 3881 504 3925 aonam
527 3868 659 3924 imitatur
682 3865 732 3938 qui
755 3867 879 3926 rationis
903 3868 1010 3925 virtute
1031 3866 1166 3944 genitale
1188 3868 1254 3926 aui·

143 3965 212 4011 mue
233 3967 288 4026 per
310 3951 513 4027 cognitionem
538 3953 634 4011 active
656 3951 851 4028 constringit,
881 3957 911 4011 et
931 3953 1123 4013 inconfusum
1146 3957 1253 4013 contra

144 4038 301 4097 materiam
329 4043 442 4097 servat.
495 4034 654 4097 Solitarias
687 4044 791 4096 autem
820 4040 939 4112 estqui
963 4055 1073 4113 parurn
1097 4037 1253 4114 affectibus

186 4284 190 4289 .
216 4242 239 4294 i.
258 4242 288 4291 τί
302 4240 381 4291 habet
399 4241 457 4292 cod.
477 4240 544 4291 dna.
598 4241 622 4290 2.
641 4240 680 4289 lte
698 4239 829 4303 rescripsi.
862 4238 1048 4304 apographum
1068 4238 1145 4290 habet
1163 4232 1251 4304 tripos.

145 4308 209 4362 seir.
237 4307 284 4361 erari
307 4307 364 4359 τῶν
387 4307 436 4361 τοῦ
459 4303 552 4374 λόγου.
607 4308 631 4360 ὃ.
656 4309 845 4374 Apegrcphum
868 4308 946 4358 iubet
969 4302 1039 4371 pera
1057 4306 1104 4368 τῆς
1121 4301 1190 4358 eusci
1208 4305 1255 4368 τῆς

144 4375 245 4445 rvris.
