<?xml version="1.0" encoding="UTF-8"?>
<!DOCTYPE html PUBLIC "-//W3C//DTD XHTML 1.0 Transitional//EN"
    "http://www.w3.org/TR/xhtml1/DTD/xhtml1-transitional.dtd">
<html xmlns="http://www.w3.org/1999/xhtml" xml:lang="en" lang="en">
 <head>
  <title>
</title>
<meta http-equiv="Content-Type" content="text/html;charset=utf-8" />
  <meta name='ocr-system' content='tesseract 3.04.00' />
  <meta name='ocr-capabilities' content='ocr_page ocr_carea ocr_par ocr_line ocrx_word'/>
</head>
<body>
  <div class='ocr_page' id='page_1' title='image "./sanctipatrisnos00maxigoog_0432.png"; bbox 0 0 2752 4778; ppageno 0'>
   <div class='ocr_carea' id='block_1_1' title="bbox 1177 197 1249 274">
    <p class='ocr_par' dir='ltr' id='par_1_1' title="bbox 1177 197 1249 274">
     <span class='ocr_line' id='line_1_1' title="bbox 1177 197 1249 274; baseline -0.028 -2"><span class='ocrx_word' id='word_1_1' title='bbox 1177 197 1249 274; x_wconf 80' lang='grc'>397</span> 
     </span>
    </p>
   </div>
   <div class='ocr_carea' id='block_1_2' title="bbox 139 380 1251 462">
    <p class='ocr_par' dir='ltr' id='par_1_2' title="bbox 139 380 1251 462">
     <span class='ocr_line' id='line_1_2' title="bbox 139 380 1251 462; baseline -0.003 -15"><span class='ocrx_word' id='word_1_2' title='bbox 139 380 284 448; x_wconf 86' lang='lat' dir='ltr'>bomines</span> <span class='ocrx_word' id='word_1_3' title='bbox 313 384 586 447; x_wconf 79' lang='lat' dir='ltr'>condescensionis</span> <span class='ocrx_word' id='word_1_4' title='bbox 616 399 762 462; x_wconf 89' lang='lat' dir='ltr'>magnum</span> <span class='ocrx_word' id='word_1_5' title='bbox 793 389 823 443; x_wconf 89' lang='lat' dir='ltr'>et</span> <span class='ocrx_word' id='word_1_6' title='bbox 844 383 1030 444; x_wconf 90' lang='lat' dir='ltr'>horrendum</span> <span class='ocrx_word' id='word_1_7' title='bbox 1052 401 1106 460; x_wconf 89' lang='lat' dir='ltr'>per</span> <span class='ocrx_word' id='word_1_8' title='bbox 1128 400 1251 444; x_wconf 91' lang='lat' dir='ltr'>carnem</span> 
     </span>
    </p>
   </div>
   <div class='ocr_carea' id='block_1_3' title="bbox 138 470 1269 2098">
    <p class='ocr_par' dir='ltr' id='par_1_3' title="bbox 138 470 1269 2098">
     <span class='ocr_line' id='line_1_3' title="bbox 140 470 1252 550; baseline -0.002 -16"><span class='ocrx_word' id='word_1_9' title='bbox 140 481 191 534; x_wconf 83' lang='lat' dir='ltr'>cst</span> <span class='ocrx_word' id='word_1_10' title='bbox 220 480 468 535; x_wconf 88' lang='lat' dir='ltr'>consummatum</span> <span class='ocrx_word' id='word_1_11' title='bbox 495 472 691 550; x_wconf 79' lang='lat' dir='ltr'><strong>mysterium,</strong></span> <span class='ocrx_word' id='word_1_12' title='bbox 720 472 751 530; x_wconf 89' lang='lat' dir='ltr'>in</span> <span class='ocrx_word' id='word_1_13' title='bbox 782 484 842 545; x_wconf 86' lang='lat' dir='ltr'>quo</span> <span class='ocrx_word' id='word_1_14' title='bbox 871 485 944 550; x_wconf 90' lang='lat' dir='ltr'>vera</span> <span class='ocrx_word' id='word_1_15' title='bbox 973 470 1146 532; x_wconf 91' lang='lat' dir='ltr'>hominibus</span> <span class='ocrx_word' id='word_1_16' title='bbox 1177 487 1252 549; x_wconf 87' lang='lat' dir='ltr'>erga</span> 
     </span>
     <span class='ocr_line' id='line_1_4' title="bbox 140 552 1252 635; baseline -0.003 -16"><span class='ocrx_word' id='word_1_17' title='bbox 140 557 236 621; x_wconf 88' lang='lat' dir='ltr'>deum</span> <span class='ocrx_word' id='word_1_18' title='bbox 264 561 362 635; x_wconf 88' lang='lat' dir='ltr'>pietas</span> <span class='ocrx_word' id='word_1_19' title='bbox 393 560 508 620; x_wconf 90' lang='lat' dir='ltr'>donata</span> <span class='ocrx_word' id='word_1_20' title='bbox 531 563 593 633; x_wconf 86' lang='lat' dir='ltr'>est,</span> <span class='ocrx_word' id='word_1_21' title='bbox 628 572 798 632; x_wconf 90' lang='lat' dir='ltr'>quaecum</span> <span class='ocrx_word' id='word_1_22' title='bbox 821 572 942 618; x_wconf 89' lang='lat' dir='ltr'>omnem</span> <span class='ocrx_word' id='word_1_23' title='bbox 966 552 1094 617; x_wconf 89' lang='lat' dir='ltr'>naturae</span> <span class='ocrx_word' id='word_1_24' title='bbox 1116 557 1252 617; x_wconf 84' lang='lat' dir='ltr'>ordinem</span> 
     </span>
     <span class='ocr_line' id='line_1_5' title="bbox 139 643 1253 722; baseline -0.004 -16"><span class='ocrx_word' id='word_1_25' title='bbox 139 660 180 706; x_wconf 83' lang='lat' dir='ltr'>so</span> <span class='ocrx_word' id='word_1_26' title='bbox 208 652 392 721; x_wconf 87' lang='lat' dir='ltr'>potestatem</span> <span class='ocrx_word' id='word_1_27' title='bbox 421 645 629 722; x_wconf 87' lang='lat' dir='ltr'>exsuperarit,</span> <span class='ocrx_word' id='word_1_28' title='bbox 660 660 678 703; x_wconf 99' lang='lat' dir='ltr'>a</span> <span class='ocrx_word' id='word_1_29' title='bbox 701 643 803 703; x_wconf 91' lang='lat' dir='ltr'>divino</span> <span class='ocrx_word' id='word_1_30' title='bbox 826 649 919 718; x_wconf 88' lang='lat' dir='ltr'>atque</span> <span class='ocrx_word' id='word_1_31' title='bbox 940 643 1062 704; x_wconf 89' lang='lat' dir='ltr'>divinae</span> <span class='ocrx_word' id='word_1_32' title='bbox 1084 644 1253 719; x_wconf 89' lang='lat' dir='ltr'>sapientiae</span> 
     </span>
     <span class='ocr_line' id='line_1_6' title="bbox 141 728 1254 807; baseline -0.004 -15"><span class='ocrx_word' id='word_1_33' title='bbox 141 731 306 793; x_wconf 88' lang='lat' dir='ltr'>sacerdote</span> <span class='ocrx_word' id='word_1_34' title='bbox 327 740 358 794; x_wconf 88' lang='lat' dir='ltr'>ct</span> <span class='ocrx_word' id='word_1_35' title='bbox 373 731 497 793; x_wconf 89' lang='lat' dir='ltr'>doctore</span> <span class='ocrx_word' id='word_1_36' title='bbox 519 730 705 793; x_wconf 88' lang='lat' dir='ltr'>occultorum</span> <span class='ocrx_word' id='word_1_37' title='bbox 728 730 891 804; x_wconf 75' lang='lat' dir='ltr'>interprete</span> <span class='ocrx_word' id='word_1_38' title='bbox 914 728 1024 806; x_wconf 88' lang='lat' dir='ltr'>Paulo,</span> <span class='ocrx_word' id='word_1_39' title='bbox 1049 746 1161 807; x_wconf 90' lang='lat' dir='ltr'>magno</span> <span class='ocrx_word' id='word_1_40' title='bbox 1179 745 1254 804; x_wconf 86' lang='lat' dir='ltr'>apo-</span> 
     </span>
     <span class='ocr_line' id='line_1_7' title="bbox 142 815 1252 892; baseline -0.003 -16"><span class='ocrx_word' id='word_1_41' title='bbox 142 817 238 892; x_wconf 89' lang='lat' dir='ltr'>stolo,</span> <span class='ocrx_word' id='word_1_42' title='bbox 269 816 400 878; x_wconf 75' lang='lat' dir='ltr'>Stultitia</span> <span class='ocrx_word' id='word_1_43' title='bbox 422 818 472 878; x_wconf 93' lang='lat' dir='ltr'>del</span> <span class='ocrx_word' id='word_1_44' title='bbox 494 824 524 877; x_wconf 89' lang='lat' dir='ltr'>et</span> <span class='ocrx_word' id='word_1_45' title='bbox 544 817 718 886; x_wconf 85' lang='lat' dir='ltr'>infirmitas,</span> <span class='ocrx_word' id='word_1_46' title='bbox 753 818 790 875; x_wconf 93' lang='lat' dir='ltr'>ob</span> <span class='ocrx_word' id='word_1_47' title='bbox 821 815 1140 891; x_wconf 81' lang='lat' dir='ltr'>superabundantem,</span> <span class='ocrx_word' id='word_1_48' title='bbox 1169 821 1252 891; x_wconf 92' lang='lat' dir='ltr'>puto,</span> 
     </span>
     <span class='ocr_line' id='line_1_8' title="bbox 142 900 1255 979; baseline -0.004 -17"><span class='ocrx_word' id='word_1_49' title='bbox 142 905 322 979; x_wconf 88' lang='lat' dir='ltr'>sapientiam</span> <span class='ocrx_word' id='word_1_50' title='bbox 353 921 390 964; x_wconf 89' lang='lat' dir='ltr'>ac</span> <span class='ocrx_word' id='word_1_51' title='bbox 419 906 575 978; x_wconf 89' lang='lat' dir='ltr'>virtutem,</span> <span class='ocrx_word' id='word_1_52' title='bbox 611 918 629 961; x_wconf 94' lang='lat' dir='ltr'>a</span> <span class='ocrx_word' id='word_1_53' title='bbox 657 918 770 978; x_wconf 89' lang='lat' dir='ltr'>magno</span> <span class='ocrx_word' id='word_1_54' title='bbox 798 909 903 961; x_wconf 87' lang='lat' dir='ltr'>contra</span> <span class='ocrx_word' id='word_1_55' title='bbox 926 918 963 962; x_wconf 91' lang='lat' dir='ltr'>ac</span> <span class='ocrx_word' id='word_1_56' title='bbox 985 902 1086 963; x_wconf 91' lang='lat' dir='ltr'>divino</span> <span class='ocrx_word' id='word_1_57' title='bbox 1110 900 1255 979; x_wconf 86' lang='lat' dir='ltr'>Gregorio</span> 
     </span>
     <span class='ocr_line' id='line_1_9' title="bbox 143 985 1254 1064; baseline -0.001 -17"><span class='ocrx_word' id='word_1_58' title='bbox 143 988 244 1049; x_wconf 88' lang='lat' dir='ltr'>Lusus</span> <span class='ocrx_word' id='word_1_59' title='bbox 274 990 522 1064; x_wconf 70' lang='lat' dir='ltr'>appallateam,</span> <span class='ocrx_word' id='word_1_60' title='bbox 558 991 596 1048; x_wconf 95' lang='lat' dir='ltr'>ob</span> <span class='ocrx_word' id='word_1_61' title='bbox 625 988 924 1063; x_wconf 87' lang='lat' dir='ltr'>superabundantem</span> <span class='ocrx_word' id='word_1_62' title='bbox 949 988 1157 1063; x_wconf 81' lang='lat' dir='ltr'>prudentiam.</span> <span class='ocrx_word' id='word_1_63' title='bbox 1202 985 1254 1046; x_wconf 91' lang='lat' dir='ltr'>llle</span> 
     </span>
     <span class='ocr_line' id='line_1_10' title="bbox 142 1072 1269 1150; baseline 0.001 -15"><span class='ocrx_word' id='word_1_64' title='bbox 142 1077 241 1150; x_wconf 87' lang='lat' dir='ltr'>enim,</span> <span class='ocrx_word' id='word_1_65' title='bbox 272 1075 344 1150; x_wconf 85' lang='lat' dir='ltr'>,Dei</span> <span class='ocrx_word' id='word_1_66' title='bbox 368 1075 520 1145; x_wconf 83' lang='lat' dir='ltr'>stultum‘,</span> <span class='ocrx_word' id='word_1_67' title='bbox 551 1076 663 1149; x_wconf 88' lang='lat' dir='ltr'>inquit,</span> <span class='ocrx_word' id='word_1_68' title='bbox 693 1076 876 1150; x_wconf 89' lang='lat' dir='ltr'>,sapientius</span> <span class='ocrx_word' id='word_1_69' title='bbox 898 1073 1091 1147; x_wconf 90' lang='lat' dir='ltr'>hominibus,</span> <span class='ocrx_word' id='word_1_70' title='bbox 1123 1080 1153 1133; x_wconf 89' lang='lat' dir='ltr'>et</span> <span class='ocrx_word' id='word_1_71' title='bbox 1173 1072 1269 1136; x_wconf 69' lang='lat' dir='ltr'>infir.</span> 
     </span>
     <span class='ocr_line' id='line_1_11' title="bbox 141 1159 1254 1236; baseline -0.006 -13"><span class='ocrx_word' id='word_1_72' title='bbox 141 1177 237 1232; x_wconf 18' lang='lat' dir='ltr'>mum,</span> <span class='ocrx_word' id='word_1_73' title='bbox 251 1160 300 1221; x_wconf 92' lang='lat' dir='ltr'>dei</span> <span class='ocrx_word' id='word_1_74' title='bbox 323 1161 429 1221; x_wconf 86' lang='lat' dir='ltr'>lortius</span> <span class='ocrx_word' id='word_1_75' title='bbox 453 1168 501 1221; x_wconf 92' lang='lat' dir='ltr'>est</span> <span class='ocrx_word' id='word_1_76' title='bbox 523 1160 730 1220; x_wconf 73' lang='lat' dir='ltr'>hominibus‘:</span> <span class='ocrx_word' id='word_1_77' title='bbox 761 1160 809 1219; x_wconf 91' lang='lat' dir='ltr'>hic</span> <span class='ocrx_word' id='word_1_78' title='bbox 832 1166 938 1220; x_wconf 91' lang='lat' dir='ltr'>contra</span> <span class='ocrx_word' id='word_1_79' title='bbox 961 1163 1018 1235; x_wconf 88' lang='lat' dir='ltr'>ait,</span> <span class='ocrx_word' id='word_1_80' title='bbox 1050 1159 1155 1236; x_wconf 88' lang='lat' dir='ltr'>,Ludit</span> <span class='ocrx_word' id='word_1_81' title='bbox 1176 1160 1254 1219; x_wconf 89' lang='lat' dir='ltr'>enim</span> 
     </span>
     <span class='ocr_line' id='line_1_12' title="bbox 141 1246 1256 1324; baseline -0.004 -15"><span class='ocrx_word' id='word_1_82' title='bbox 141 1262 266 1309; x_wconf 89' lang='lat' dir='ltr'>summa</span> <span class='ocrx_word' id='word_1_83' title='bbox 296 1249 372 1307; x_wconf 91' lang='lat' dir='ltr'>ratio</span> <span class='ocrx_word' id='word_1_84' title='bbox 395 1250 425 1306; x_wconf 93' lang='lat' dir='ltr'>in</span> <span class='ocrx_word' id='word_1_85' title='bbox 449 1247 632 1308; x_wconf 87' lang='lat' dir='ltr'>omnimodis</span> <span class='ocrx_word' id='word_1_86' title='bbox 655 1247 774 1324; x_wconf 86' lang='lat' dir='ltr'>figuris,</span> <span class='ocrx_word' id='word_1_87' title='bbox 809 1246 987 1307; x_wconf 89' lang='lat' dir='ltr'>discernens</span> <span class='ocrx_word' id='word_1_88' title='bbox 1011 1246 1145 1321; x_wconf 87' lang='lat' dir='ltr'>qualibet</span> <span class='ocrx_word' id='word_1_89' title='bbox 1166 1261 1256 1304; x_wconf 91' lang='lat' dir='ltr'>mun·</span> 
     </span>
     <span class='ocr_line' id='line_1_13' title="bbox 140 1330 1254 1407; baseline -0.003 -13"><span class='ocrx_word' id='word_1_90' title='bbox 140 1335 217 1395; x_wconf 91' lang='lat' dir='ltr'>dum</span> <span class='ocrx_word' id='word_1_91' title='bbox 247 1330 446 1394; x_wconf 71' lang='lat' dir='ltr'>&#39;suum&#39;hinc</span> <span class='ocrx_word' id='word_1_92' title='bbox 479 1340 509 1394; x_wconf 93' lang='lat' dir='ltr'>et</span> <span class='ocrx_word' id='word_1_93' title='bbox 537 1333 653 1407; x_wconf 88' lang='lat' dir='ltr'>illinc‘;</span> <span class='ocrx_word' id='word_1_94' title='bbox 693 1337 818 1407; x_wconf 88' lang='lat' dir='ltr'>uterque</span> <span class='ocrx_word' id='word_1_95' title='bbox 849 1333 1031 1393; x_wconf 81' lang='lat' dir='ltr'>fortissimas</span> <span class='ocrx_word' id='word_1_96' title='bbox 1061 1334 1169 1407; x_wconf 88' lang='lat' dir='ltr'>quibus</span> <span class='ocrx_word' id='word_1_97' title='bbox 1198 1347 1254 1391; x_wconf 91' lang='lat' dir='ltr'>nos</span> 
     </span>
     <span class='ocr_line' id='line_1_14' title="bbox 140 1418 1255 1497; baseline -0.004 -16"><span class='ocrx_word' id='word_1_98' title='bbox 140 1421 274 1490; x_wconf 89' lang='lat' dir='ltr'>utimur,</span> <span class='ocrx_word' id='word_1_99' title='bbox 310 1421 476 1495; x_wconf 86' lang='lat' dir='ltr'>positiones</span> <span class='ocrx_word' id='word_1_100' title='bbox 514 1418 656 1497; x_wconf 90' lang='lat' dir='ltr'>negando</span> <span class='ocrx_word' id='word_1_101' title='bbox 691 1418 825 1478; x_wconf 89' lang='lat' dir='ltr'>divinum</span> <span class='ocrx_word' id='word_1_102' title='bbox 861 1419 996 1479; x_wconf 88' lang='lat' dir='ltr'>habiturn</span> <span class='ocrx_word' id='word_1_103' title='bbox 1029 1419 1255 1488; x_wconf 86' lang='lat' dir='ltr'>demonstrans,</span> 
     </span>
     <span class='ocr_line' id='line_1_15' title="bbox 140 1503 1256 1582; baseline -0.003 -16"><span class='ocrx_word' id='word_1_104' title='bbox 140 1511 381 1582; x_wconf 87' lang='lat' dir='ltr'>nostrorumque</span> <span class='ocrx_word' id='word_1_105' title='bbox 403 1507 619 1582; x_wconf 85' lang='lat' dir='ltr'>negationibus</span> <span class='ocrx_word' id='word_1_106' title='bbox 643 1505 744 1565; x_wconf 90' lang='lat' dir='ltr'>divina</span> <span class='ocrx_word' id='word_1_107' title='bbox 766 1505 931 1566; x_wconf 87' lang='lat' dir='ltr'>affirmans.</span> <span class='ocrx_word' id='word_1_108' title='bbox 971 1503 1102 1565; x_wconf 87' lang='lat' dir='ltr'>Stultitia</span> <span class='ocrx_word' id='word_1_109' title='bbox 1124 1507 1203 1565; x_wconf 89' lang='lat' dir='ltr'>enim</span> <span class='ocrx_word' id='word_1_110' title='bbox 1226 1511 1256 1563; x_wconf 87' lang='lat' dir='ltr'>et</span> 
     </span>
     <span class='ocr_line' id='line_1_16' title="bbox 138 1591 1254 1668; baseline 0 -16"><span class='ocrx_word' id='word_1_111' title='bbox 138 1593 303 1654; x_wconf 84' lang='lat' dir='ltr'>infirmitas</span> <span class='ocrx_word' id='word_1_112' title='bbox 334 1598 363 1652; x_wconf 90' lang='lat' dir='ltr'>et</span> <span class='ocrx_word' id='word_1_113' title='bbox 393 1592 482 1655; x_wconf 90' lang='lat' dir='ltr'>lusus</span> <span class='ocrx_word' id='word_1_114' title='bbox 513 1591 595 1668; x_wconf 91' lang='lat' dir='ltr'>apud</span> <span class='ocrx_word' id='word_1_115' title='bbox 625 1608 682 1651; x_wconf 91' lang='lat' dir='ltr'>nos</span> <span class='ocrx_word' id='word_1_116' title='bbox 712 1593 897 1667; x_wconf 87' lang='lat' dir='ltr'>privationes</span> <span class='ocrx_word' id='word_1_117' title='bbox 926 1598 1013 1668; x_wconf 90' lang='lat' dir='ltr'>sunt,</span> <span class='ocrx_word' id='word_1_118' title='bbox 1043 1607 1105 1652; x_wconf 92' lang='lat' dir='ltr'>una</span> <span class='ocrx_word' id='word_1_119' title='bbox 1135 1591 1254 1667; x_wconf 87' lang='lat' dir='ltr'>quidem</span> 
     </span>
     <span class='ocr_line' id='line_1_17' title="bbox 140 1667 1255 1754; baseline -0.004 -14"><span class='ocrx_word' id='word_1_120' title='bbox 140 1680 332 1754; x_wconf 89' lang='lat' dir='ltr'>sapientiae,</span> <span class='ocrx_word' id='word_1_121' title='bbox 362 1678 460 1739; x_wconf 89' lang='lat' dir='ltr'>altera</span> <span class='ocrx_word' id='word_1_122' title='bbox 487 1679 688 1753; x_wconf 85' lang='lat' dir='ltr'>fortitudinis,</span> <span class='ocrx_word' id='word_1_123' title='bbox 720 1681 808 1739; x_wconf 87' lang='lat' dir='ltr'>tertia</span> <span class='ocrx_word' id='word_1_124' title='bbox 831 1678 1028 1753; x_wconf 85' lang='lat' dir='ltr'>prudentiae,</span> <span class='ocrx_word' id='word_1_125' title='bbox 1057 1667 1175 1738; x_wconf 86' lang='lat' dir='ltr'>sed&#39;de</span> <span class='ocrx_word' id='word_1_126' title='bbox 1198 1678 1255 1737; x_wconf 90' lang='lat' dir='ltr'>deo</span> 
     </span>
     <span class='ocr_line' id='line_1_18' title="bbox 139 1764 1257 1840; baseline -0.002 -14"><span class='ocrx_word' id='word_1_127' title='bbox 139 1770 313 1839; x_wconf 86' lang='lat' dir='ltr'>usurpatae</span> <span class='ocrx_word' id='word_1_128' title='bbox 342 1765 470 1825; x_wconf 88' lang='lat' dir='ltr'>eaedem</span> <span class='ocrx_word' id='word_1_129' title='bbox 501 1765 670 1840; x_wconf 88' lang='lat' dir='ltr'>sapientiae</span> <span class='ocrx_word' id='word_1_130' title='bbox 697 1769 727 1824; x_wconf 90' lang='lat' dir='ltr'>at</span> <span class='ocrx_word' id='word_1_131' title='bbox 748 1765 930 1825; x_wconf 75' lang='lat' dir='ltr'>fortitudinis</span> <span class='ocrx_word' id='word_1_132' title='bbox 952 1771 982 1824; x_wconf 92' lang='lat' dir='ltr'>et</span> <span class='ocrx_word' id='word_1_133' title='bbox 1003 1764 1182 1840; x_wconf 87' lang='lat' dir='ltr'>prudentiae</span> <span class='ocrx_word' id='word_1_134' title='bbox 1204 1781 1257 1824; x_wconf 89' lang='lat' dir='ltr'>su-</span> 
     </span>
     <span class='ocr_line' id='line_1_19' title="bbox 138 1850 1255 1929; baseline -0.003 -19"><span class='ocrx_word' id='word_1_135' title='bbox 138 1850 420 1929; x_wconf 87' lang='lat' dir='ltr'>perabundantiam</span> <span class='ocrx_word' id='word_1_136' title='bbox 455 1851 536 1911; x_wconf 86' lang='lat' dir='ltr'>clare</span> <span class='ocrx_word' id='word_1_137' title='bbox 567 1850 748 1928; x_wconf 86' lang='lat' dir='ltr'>significant.</span> <span class='ocrx_word' id='word_1_138' title='bbox 816 1850 904 1922; x_wconf 83' lang='lat' dir='ltr'>Quod</span> <span class='ocrx_word' id='word_1_139' title='bbox 934 1853 958 1908; x_wconf 91' lang='lat' dir='ltr'>si</span> <span class='ocrx_word' id='word_1_140' title='bbox 989 1850 1060 1924; x_wconf 89' lang='lat' dir='ltr'>quid</span> <span class='ocrx_word' id='word_1_141' title='bbox 1088 1851 1168 1924; x_wconf 88' lang='lat' dir='ltr'>apud</span> <span class='ocrx_word' id='word_1_142' title='bbox 1199 1867 1255 1910; x_wconf 92' lang='lat' dir='ltr'>nos</span> 
     </span>
     <span class='ocr_line' id='line_1_20' title="bbox 138 1935 1256 2013; baseline -0.001 -17"><span class='ocrx_word' id='word_1_143' title='bbox 138 1937 293 2013; x_wconf 89' lang='lat' dir='ltr'>privative</span> <span class='ocrx_word' id='word_1_144' title='bbox 316 1936 439 2012; x_wconf 88' lang='lat' dir='ltr'>dicitur,</span> <span class='ocrx_word' id='word_1_145' title='bbox 464 1937 502 1997; x_wconf 91' lang='lat' dir='ltr'>de</span> <span class='ocrx_word' id='word_1_146' title='bbox 525 1936 582 1995; x_wconf 88' lang='lat' dir='ltr'>deo</span> <span class='ocrx_word' id='word_1_147' title='bbox 605 1942 786 2011; x_wconf 84' lang='lat' dir='ltr'>usurpatum</span> <span class='ocrx_word' id='word_1_148' title='bbox 810 1936 888 1994; x_wconf 91' lang='lat' dir='ltr'>idem</span> <span class='ocrx_word' id='word_1_149' title='bbox 912 1935 1034 1996; x_wconf 89' lang='lat' dir='ltr'>habitus</span> <span class='ocrx_word' id='word_1_150' title='bbox 1059 1937 1256 2012; x_wconf 84' lang='lat' dir='ltr'>significatio·</span> 
     </span>
     <span class='ocr_line' id='line_1_21' title="bbox 140 2021 1255 2098; baseline -0.004 -14"><span class='ocrx_word' id='word_1_151' title='bbox 140 2039 215 2084; x_wconf 88' lang='lat' dir='ltr'>nem</span> <span class='ocrx_word' id='word_1_152' title='bbox 245 2022 359 2083; x_wconf 90' lang='lat' dir='ltr'>habere</span> <span class='ocrx_word' id='word_1_153' title='bbox 389 2025 454 2084; x_wconf 88' lang='lat' dir='ltr'>iure</span> <span class='ocrx_word' id='word_1_154' title='bbox 476 2024 753 2098; x_wconf 86' lang='lat' dir='ltr'>interpretabimur,</span> <span class='ocrx_word' id='word_1_155' title='bbox 786 2037 971 2092; x_wconf 81' lang='lat' dir='ltr'>aurursus,</span> <span class='ocrx_word' id='word_1_156' title='bbox 1001 2023 1026 2080; x_wconf 92' lang='lat' dir='ltr'>si</span> <span class='ocrx_word' id='word_1_157' title='bbox 1051 2021 1122 2096; x_wconf 87' lang='lat' dir='ltr'>quid</span> <span class='ocrx_word' id='word_1_158' title='bbox 1145 2037 1255 2081; x_wconf 89' lang='lat' dir='ltr'>secun-</span> 
     </span>
    </p>
   </div>
   <div class='ocr_carea' id='block_1_4' title="bbox 140 2107 1342 2186">
    <p class='ocr_par' dir='ltr' id='par_1_4' title="bbox 140 2107 1342 2186">
     <span class='ocr_line' id='line_1_22' title="bbox 140 2107 1342 2186; baseline -0.002 -16"><span class='ocrx_word' id='word_1_159' title='bbox 140 2109 217 2170; x_wconf 88' lang='lat' dir='ltr'>dum</span> <span class='ocrx_word' id='word_1_160' title='bbox 255 2109 391 2169; x_wconf 90' lang='lat' dir='ltr'>babitum</span> <span class='ocrx_word' id='word_1_161' title='bbox 428 2109 466 2169; x_wconf 91' lang='lat' dir='ltr'>de</span> <span class='ocrx_word' id='word_1_162' title='bbox 503 2110 590 2186; x_wconf 90' lang='lat' dir='ltr'>nobis</span> <span class='ocrx_word' id='word_1_163' title='bbox 628 2108 750 2180; x_wconf 88' lang='lat' dir='ltr'>dicitur,</span> <span class='ocrx_word' id='word_1_164' title='bbox 785 2107 814 2167; x_wconf 95' lang='lat' dir='ltr'>id</span> <span class='ocrx_word' id='word_1_165' title='bbox 850 2107 887 2167; x_wconf 90' lang='lat' dir='ltr'>de</span> <span class='ocrx_word' id='word_1_166' title='bbox 918 2108 976 2167; x_wconf 89' lang='lat' dir='ltr'>deo</span> <span class='ocrx_word' id='word_1_167' title='bbox 1007 2112 1188 2183; x_wconf 86' lang='lat' dir='ltr'>usurpatum</span> <span class='ocrx_word' id='word_1_168' title='bbox 1217 2109 1255 2166; x_wconf 95' lang='lat' dir='ltr'>ob</span> <span class='ocrx_word' id='word_1_169' title='bbox 1339 2164 1342 2168; x_wconf 15' lang='grc' dir='ltr'><strong><em>Δ</em></strong></span> 
     </span>
    </p>
   </div>
   <div class='ocr_carea' id='block_1_5' title="bbox 129 2193 1260 4426">
    <p class='ocr_par' dir='ltr' id='par_1_5' title="bbox 129 2193 1260 4426">
     <span class='ocr_line' id='line_1_23' title="bbox 141 2193 1257 2270; baseline -0.001 -16"><span class='ocrx_word' id='word_1_170' title='bbox 141 2196 342 2256; x_wconf 87' lang='lat' dir='ltr'>eminentiam</span> <span class='ocrx_word' id='word_1_171' title='bbox 372 2196 532 2256; x_wconf 89' lang='lat' dir='ltr'>admittere</span> <span class='ocrx_word' id='word_1_172' title='bbox 562 2196 760 2270; x_wconf 89' lang='lat' dir='ltr'>privationem</span> <span class='ocrx_word' id='word_1_173' title='bbox 791 2193 901 2254; x_wconf 90' lang='lat' dir='ltr'>docere</span> <span class='ocrx_word' id='word_1_174' title='bbox 932 2196 1064 2254; x_wconf 84' lang='lat' dir='ltr'>maxime</span> <span class='ocrx_word' id='word_1_175' title='bbox 1093 2201 1257 2253; x_wconf 90' lang='lat' dir='ltr'>consenta-</span> 
     </span>
     <span class='ocr_line' id='line_1_24' title="bbox 140 2281 1256 2356; baseline -0.003 -15"><span class='ocrx_word' id='word_1_176' title='bbox 140 2296 239 2341; x_wconf 89' lang='lat' dir='ltr'>neum</span> <span class='ocrx_word' id='word_1_177' title='bbox 269 2282 332 2341; x_wconf 91' lang='lat' dir='ltr'>erit.</span> <span class='ocrx_word' id='word_1_178' title='bbox 387 2281 561 2341; x_wconf 86' lang='lat' dir='ltr'>Divinarum</span> <span class='ocrx_word' id='word_1_179' title='bbox 590 2283 670 2341; x_wconf 89' lang='lat' dir='ltr'>enim</span> <span class='ocrx_word' id='word_1_180' title='bbox 694 2281 947 2356; x_wconf 88' lang='lat' dir='ltr'>exsuperantiae,</span> <span class='ocrx_word' id='word_1_181' title='bbox 982 2286 1012 2340; x_wconf 87' lang='lat' dir='ltr'>et</span> <span class='ocrx_word' id='word_1_182' title='bbox 1033 2281 1179 2354; x_wconf 90' lang='lat' dir='ltr'>privative</span> <span class='ocrx_word' id='word_1_183' title='bbox 1203 2295 1256 2356; x_wconf 89' lang='lat' dir='ltr'>per</span> 
     </span>
     <span class='ocr_line' id='line_1_25' title="bbox 140 2365 1255 2442; baseline -0.004 -13"><span class='ocrx_word' id='word_1_184' title='bbox 140 2366 416 2429; x_wconf 80' lang='lat' dir='ltr'>contradictionem</span> <span class='ocrx_word' id='word_1_185' title='bbox 452 2368 533 2442; x_wconf 91' lang='lat' dir='ltr'>apud</span> <span class='ocrx_word' id='word_1_186' title='bbox 569 2383 626 2426; x_wconf 93' lang='lat' dir='ltr'>nos</span> <span class='ocrx_word' id='word_1_187' title='bbox 663 2367 777 2437; x_wconf 87' lang='lat' dir='ltr'>diotae,</span> <span class='ocrx_word' id='word_1_188' title='bbox 814 2383 832 2425; x_wconf 89' lang='lat' dir='ltr'>a</span> <span class='ocrx_word' id='word_1_189' title='bbox 866 2383 936 2426; x_wconf 92' lang='lat' dir='ltr'>vero</span> <span class='ocrx_word' id='word_1_190' title='bbox 966 2365 1134 2426; x_wconf 90' lang='lat' dir='ltr'>secundum</span> <span class='ocrx_word' id='word_1_191' title='bbox 1165 2382 1255 2442; x_wconf 86' lang='lat' dir='ltr'>quam</span> 
     </span>
     <span class='ocr_line' id='line_1_26' title="bbox 141 2452 1254 2530; baseline -0.003 -17"><span class='ocrx_word' id='word_1_192' title='bbox 141 2455 206 2513; x_wconf 93' lang='lat' dir='ltr'>sint</span> <span class='ocrx_word' id='word_1_193' title='bbox 242 2455 390 2514; x_wconf 89' lang='lat' dir='ltr'>rationem</span> <span class='ocrx_word' id='word_1_194' title='bbox 431 2455 606 2530; x_wconf 86' lang='lat' dir='ltr'>significatu</span> <span class='ocrx_word' id='word_1_195' title='bbox 644 2454 772 2513; x_wconf 89' lang='lat' dir='ltr'>multum</span> <span class='ocrx_word' id='word_1_196' title='bbox 816 2454 936 2513; x_wconf 89' lang='lat' dir='ltr'>absunt.</span> <span class='ocrx_word' id='word_1_197' title='bbox 1005 2452 1091 2526; x_wconf 84' lang='lat' dir='ltr'>Quod</span> <span class='ocrx_word' id='word_1_198' title='bbox 1132 2454 1172 2524; x_wconf 89' lang='lat' dir='ltr'>si,</span> <span class='ocrx_word' id='word_1_199' title='bbox 1213 2453 1254 2512; x_wconf 90' lang='lat' dir='ltr'>uti</span> 
     </span>
     <span class='ocr_line' id='line_1_27' title="bbox 142 2539 1254 2616; baseline -0.004 -16"><span class='ocrx_word' id='word_1_200' title='bbox 142 2539 284 2614; x_wconf 87' lang='lat' dir='ltr'>videtur,</span> <span class='ocrx_word' id='word_1_201' title='bbox 322 2556 426 2600; x_wconf 90' lang='lat' dir='ltr'>verum</span> <span class='ocrx_word' id='word_1_202' title='bbox 460 2546 507 2599; x_wconf 92' lang='lat' dir='ltr'>est</span> <span class='ocrx_word' id='word_1_203' title='bbox 540 2543 705 2615; x_wconf 82' lang='lat' dir='ltr'>(nusquam</span> <span class='ocrx_word' id='word_1_204' title='bbox 739 2541 818 2599; x_wconf 90' lang='lat' dir='ltr'>enim</span> <span class='ocrx_word' id='word_1_205' title='bbox 852 2539 953 2599; x_wconf 90' lang='lat' dir='ltr'>divina</span> <span class='ocrx_word' id='word_1_206' title='bbox 987 2544 1159 2616; x_wconf 88' lang='lat' dir='ltr'>congruunt</span> <span class='ocrx_word' id='word_1_207' title='bbox 1185 2554 1254 2597; x_wconf 92' lang='lat' dir='ltr'>cum</span> 
     </span>
     <span class='ocr_line' id='line_1_28' title="bbox 141 2624 1255 2704; baseline -0.003 -19"><span class='ocrx_word' id='word_1_208' title='bbox 141 2625 319 2704; x_wconf 78' lang='lat' dir='ltr'>humanis),</span> <span class='ocrx_word' id='word_1_209' title='bbox 357 2641 432 2703; x_wconf 86' lang='lat' dir='ltr'>ergo</span> <span class='ocrx_word' id='word_1_210' title='bbox 462 2625 589 2686; x_wconf 89' lang='lat' dir='ltr'>stultitia</span> <span class='ocrx_word' id='word_1_211' title='bbox 618 2624 665 2684; x_wconf 89' lang='lat' dir='ltr'>dei</span> <span class='ocrx_word' id='word_1_212' title='bbox 689 2631 719 2685; x_wconf 89' lang='lat' dir='ltr'>et</span> <span class='ocrx_word' id='word_1_213' title='bbox 741 2626 899 2686; x_wconf 85' lang='lat' dir='ltr'>infirmitas</span> <span class='ocrx_word' id='word_1_214' title='bbox 923 2625 1091 2686; x_wconf 88' lang='lat' dir='ltr'>secundum</span> <span class='ocrx_word' id='word_1_215' title='bbox 1113 2629 1255 2686; x_wconf 88' lang='lat' dir='ltr'>sanctum</span> 
     </span>
     <span class='ocr_line' id='line_1_29' title="bbox 142 2710 1256 2787; baseline -0.002 -16"><span class='ocrx_word' id='word_1_216' title='bbox 142 2711 320 2787; x_wconf 90' lang='lat' dir='ltr'>apostolum</span> <span class='ocrx_word' id='word_1_217' title='bbox 352 2710 492 2782; x_wconf 87' lang='lat' dir='ltr'>Paulum,</span> <span class='ocrx_word' id='word_1_218' title='bbox 530 2716 559 2772; x_wconf 87' lang='lat' dir='ltr'>ei</span> <span class='ocrx_word' id='word_1_219' title='bbox 587 2712 674 2771; x_wconf 91' lang='lat' dir='ltr'>lusus</span> <span class='ocrx_word' id='word_1_220' title='bbox 705 2711 752 2773; x_wconf 92' lang='lat' dir='ltr'>dei</span> <span class='ocrx_word' id='word_1_221' title='bbox 785 2712 953 2773; x_wconf 88' lang='lat' dir='ltr'>secundum</span> <span class='ocrx_word' id='word_1_222' title='bbox 984 2711 1196 2773; x_wconf 87' lang='lat' dir='ltr'>admirandum</span> <span class='ocrx_word' id='word_1_223' title='bbox 1225 2716 1256 2771; x_wconf 88' lang='lat' dir='ltr'>et</span> 
     </span>
     <span class='ocr_line' id='line_1_30' title="bbox 142 2796 1256 2875; baseline -0.004 -14"><span class='ocrx_word' id='word_1_224' title='bbox 142 2812 290 2874; x_wconf 87' lang='lat' dir='ltr'>magnum</span> <span class='ocrx_word' id='word_1_225' title='bbox 325 2798 477 2858; x_wconf 87' lang='lat' dir='ltr'>doctorem</span> <span class='ocrx_word' id='word_1_226' title='bbox 510 2796 704 2875; x_wconf 86' lang='lat' dir='ltr'>Gregorium,</span> <span class='ocrx_word' id='word_1_227' title='bbox 745 2799 866 2859; x_wconf 87' lang='lat' dir='ltr'>divinae</span> <span class='ocrx_word' id='word_1_228' title='bbox 896 2800 1112 2860; x_wconf 88' lang='lat' dir='ltr'>incarnationis</span> <span class='ocrx_word' id='word_1_229' title='bbox 1142 2801 1256 2874; x_wconf 86' lang='lat' dir='ltr'>myste-</span> 
     </span>
     <span class='ocr_line' id='line_1_31' title="bbox 141 2879 1255 2961; baseline 0.001 -18"><span class='ocrx_word' id='word_1_230' title='bbox 141 2884 225 2945; x_wconf 90' lang='lat' dir='ltr'>rium</span> <span class='ocrx_word' id='word_1_231' title='bbox 261 2879 326 2955; x_wconf 76' lang='lat' dir='ltr'>est,</span> <span class='ocrx_word' id='word_1_232' title='bbox 358 2891 391 2945; x_wconf 92' lang='lat' dir='ltr'>ut</span> <span class='ocrx_word' id='word_1_233' title='bbox 428 2884 508 2959; x_wconf 88' lang='lat' dir='ltr'>quod</span> <span class='ocrx_word' id='word_1_234' title='bbox 545 2887 645 2944; x_wconf 91' lang='lat' dir='ltr'>omnis</span> <span class='ocrx_word' id='word_1_235' title='bbox 675 2890 803 2946; x_wconf 88' lang='lat' dir='ltr'>naturae</span> <span class='ocrx_word' id='word_1_236' title='bbox 834 2890 864 2945; x_wconf 90' lang='lat' dir='ltr'>ct</span> <span class='ocrx_word' id='word_1_237' title='bbox 890 2888 1049 2961; x_wconf 87' lang='lat' dir='ltr'>potestatis</span> <span class='ocrx_word' id='word_1_238' title='bbox 1079 2891 1109 2945; x_wconf 90' lang='lat' dir='ltr'>et</span> <span class='ocrx_word' id='word_1_239' title='bbox 1138 2885 1255 2946; x_wconf 92' lang='lat' dir='ltr'>virtutis</span> 
     </span>
     <span class='ocr_line' id='line_1_32' title="bbox 140 2970 1255 3048; baseline 0.004 -20"><span class='ocrx_word' id='word_1_240' title='bbox 140 2985 266 3030; x_wconf 89' lang='lat' dir='ltr'>omnem</span> <span class='ocrx_word' id='word_1_241' title='bbox 301 2970 437 3030; x_wconf 88' lang='lat' dir='ltr'>ordinem</span> <span class='ocrx_word' id='word_1_242' title='bbox 472 2972 762 3048; x_wconf 88' lang='lat' dir='ltr'>congrueniiamque</span> <span class='ocrx_word' id='word_1_243' title='bbox 796 2972 1068 3046; x_wconf 88' lang='lat' dir='ltr'>supernaturaliter</span> <span class='ocrx_word' id='word_1_244' title='bbox 1096 2987 1255 3048; x_wconf 88' lang='lat' dir='ltr'>egressum</span> 
     </span>
     <span class='ocr_line' id='line_1_33' title="bbox 141 3056 1256 3133; baseline -0.001 -17"><span class='ocrx_word' id='word_1_245' title='bbox 141 3062 209 3129; x_wconf 89' lang='lat' dir='ltr'>est,</span> <span class='ocrx_word' id='word_1_246' title='bbox 240 3056 322 3131; x_wconf 90' lang='lat' dir='ltr'>quod</span> <span class='ocrx_word' id='word_1_247' title='bbox 352 3057 473 3132; x_wconf 88' lang='lat' dir='ltr'>quidem</span> <span class='ocrx_word' id='word_1_248' title='bbox 504 3056 605 3116; x_wconf 90' lang='lat' dir='ltr'>divino</span> <span class='ocrx_word' id='word_1_249' title='bbox 634 3058 738 3132; x_wconf 85' lang='lat' dir='ltr'>spirltu</span> <span class='ocrx_word' id='word_1_250' title='bbox 767 3058 871 3130; x_wconf 90' lang='lat' dir='ltr'>procul</span> <span class='ocrx_word' id='word_1_251' title='bbox 902 3057 1125 3133; x_wconf 88' lang='lat' dir='ltr'>contemplatus</span> <span class='ocrx_word' id='word_1_252' title='bbox 1155 3061 1256 3117; x_wconf 88' lang='lat' dir='ltr'>mente</span> 
     </span>
     <span class='ocr_line' id='line_1_34' title="bbox 141 3141 1255 3219; baseline 0.001 -18"><span class='ocrx_word' id='word_1_253' title='bbox 141 3148 176 3201; x_wconf 88' lang='lat' dir='ltr'>et</span> <span class='ocrx_word' id='word_1_254' title='bbox 206 3142 344 3203; x_wconf 88' lang='lat' dir='ltr'>initiatus</span> <span class='ocrx_word' id='word_1_255' title='bbox 374 3141 485 3212; x_wconf 87' lang='lat' dir='ltr'>David,</span> <span class='ocrx_word' id='word_1_256' title='bbox 521 3159 558 3204; x_wconf 90' lang='lat' dir='ltr'>ac</span> <span class='ocrx_word' id='word_1_257' title='bbox 589 3142 681 3203; x_wconf 89' lang='lat' dir='ltr'>veluti</span> <span class='ocrx_word' id='word_1_258' title='bbox 707 3143 850 3219; x_wconf 90' lang='lat' dir='ltr'>praevius</span> <span class='ocrx_word' id='word_1_259' title='bbox 878 3142 1028 3218; x_wconf 88' lang='lat' dir='ltr'>interpres</span> <span class='ocrx_word' id='word_1_260' title='bbox 1058 3142 1105 3202; x_wconf 90' lang='lat' dir='ltr'>dei</span> <span class='ocrx_word' id='word_1_261' title='bbox 1133 3143 1255 3204; x_wconf 88' lang='lat' dir='ltr'>babitus</span> 
     </span>
     <span class='ocr_line' id='line_1_35' title="bbox 141 3228 1257 3305; baseline 0.003 -19"><span class='ocrx_word' id='word_1_262' title='bbox 141 3228 423 3302; x_wconf 88' lang='lat' dir='ltr'>superabundantis</span> <span class='ocrx_word' id='word_1_263' title='bbox 452 3229 491 3289; x_wconf 92' lang='lat' dir='ltr'>ab</span> <span class='ocrx_word' id='word_1_264' title='bbox 520 3228 659 3305; x_wconf 87' lang='lat' dir='ltr'>apostolo</span> <span class='ocrx_word' id='word_1_265' title='bbox 682 3245 735 3304; x_wconf 90' lang='lat' dir='ltr'>per</span> <span class='ocrx_word' id='word_1_266' title='bbox 757 3229 954 3303; x_wconf 91' lang='lat' dir='ltr'>privationem</span> <span class='ocrx_word' id='word_1_267' title='bbox 979 3228 1117 3297; x_wconf 87' lang='lat' dir='ltr'>indicati,</span> <span class='ocrx_word' id='word_1_268' title='bbox 1147 3229 1185 3289; x_wconf 93' lang='lat' dir='ltr'>de</span> <span class='ocrx_word' id='word_1_269' title='bbox 1208 3228 1257 3289; x_wconf 92' lang='lat' dir='ltr'>lu·</span> 
     </span>
     <span class='ocr_line' id='line_1_36' title="bbox 141 3313 1257 3391; baseline -0.001 -16"><span class='ocrx_word' id='word_1_270' title='bbox 141 3313 249 3384; x_wconf 88' lang='lat' dir='ltr'>dacis,</span> <span class='ocrx_word' id='word_1_271' title='bbox 272 3314 354 3376; x_wconf 88' lang='lat' dir='ltr'>clare</span> <span class='ocrx_word' id='word_1_272' title='bbox 376 3320 466 3390; x_wconf 88' lang='lat' dir='ltr'>puto,</span> <span class='ocrx_word' id='word_1_273' title='bbox 489 3314 674 3387; x_wconf 85' lang='lat' dir='ltr'>vociferans,</span> <span class='ocrx_word' id='word_1_274' title='bbox 699 3313 747 3389; x_wconf 91' lang='lat' dir='ltr'>,In</span> <span class='ocrx_word' id='word_1_275' title='bbox 769 3315 984 3391; x_wconf 85' lang='lat' dir='ltr'>multitudine‘,</span> <span class='ocrx_word' id='word_1_276' title='bbox 1012 3316 1128 3389; x_wconf 89' lang='lat' dir='ltr'>inquit,</span> <span class='ocrx_word' id='word_1_277' title='bbox 1157 3315 1257 3390; x_wconf 89' lang='lat' dir='ltr'>,lorti-</span> 
     </span>
     <span class='ocr_line' id='line_1_37' title="bbox 140 3399 1256 3463; baseline 0.002 -3"><span class='ocrx_word' id='word_1_278' title='bbox 140 3399 259 3460; x_wconf 89' lang='lat' dir='ltr'>tudinis</span> <span class='ocrx_word' id='word_1_279' title='bbox 288 3406 360 3461; x_wconf 88' lang='lat' dir='ltr'>tuae</span> <span class='ocrx_word' id='word_1_280' title='bbox 390 3400 573 3463; x_wconf 88' lang='lat' dir='ltr'>mentientur</span> <span class='ocrx_word' id='word_1_281' title='bbox 602 3403 654 3461; x_wconf 91' lang='lat' dir='ltr'>tibi</span> <span class='ocrx_word' id='word_1_282' title='bbox 682 3402 794 3460; x_wconf 90' lang='lat' dir='ltr'>inimici</span> <span class='ocrx_word' id='word_1_283' title='bbox 818 3403 881 3461; x_wconf 82' lang='lat' dir='ltr'>tui‘</span> <span class='ocrx_word' id='word_1_284' title='bbox 931 3399 1038 3462; x_wconf 89' lang='lat' dir='ltr'>Nullus</span> <span class='ocrx_word' id='word_1_285' title='bbox 1063 3402 1143 3460; x_wconf 89' lang='lat' dir='ltr'>enim</span> <span class='ocrx_word' id='word_1_286' title='bbox 1165 3400 1256 3462; x_wconf 91' lang='lat' dir='ltr'>homo</span> 
     </span>
     <span class='ocr_line' id='line_1_38' title="bbox 141 3485 1257 3564; baseline 0 -18"><span class='ocrx_word' id='word_1_287' title='bbox 141 3500 208 3546; x_wconf 87' lang='lat' dir='ltr'>uon</span> <span class='ocrx_word' id='word_1_288' title='bbox 242 3485 290 3545; x_wconf 92' lang='lat' dir='ltr'>dei</span> <span class='ocrx_word' id='word_1_289' title='bbox 324 3492 427 3563; x_wconf 89' lang='lat' dir='ltr'>aperte</span> <span class='ocrx_word' id='word_1_290' title='bbox 460 3486 558 3547; x_wconf 92' lang='lat' dir='ltr'>hostis</span> <span class='ocrx_word' id='word_1_291' title='bbox 588 3495 618 3547; x_wconf 91' lang='lat' dir='ltr'>et</span> <span class='ocrx_word' id='word_1_292' title='bbox 650 3487 792 3547; x_wconf 87' lang='lat' dir='ltr'>infitiator·</span> <span class='ocrx_word' id='word_1_293' title='bbox 821 3487 922 3547; x_wconf 89' lang='lat' dir='ltr'>evadit</span> <span class='ocrx_word' id='word_1_294' title='bbox 951 3488 1001 3563; x_wconf 90' lang='lat' dir='ltr'>qui</span> <span class='ocrx_word' id='word_1_295' title='bbox 1031 3487 1100 3564; x_wconf 91' lang='lat' dir='ltr'>lege</span> <span class='ocrx_word' id='word_1_296' title='bbox 1129 3493 1257 3548; x_wconf 82' lang='lat' dir='ltr'>nattrrae</span> 
     </span>
     <span class='ocr_line' id='line_1_39' title="bbox 141 3571 1256 3648; baseline 0 -17"><span class='ocrx_word' id='word_1_297' title='bbox 141 3571 309 3632; x_wconf 84' lang='lat' dir='ltr'>inscienter</span> <span class='ocrx_word' id='word_1_298' title='bbox 343 3581 373 3633; x_wconf 91' lang='lat' dir='ltr'>et</span> <span class='ocrx_word' id='word_1_299' title='bbox 411 3575 503 3648; x_wconf 90' lang='lat' dir='ltr'>impie</span> <span class='ocrx_word' id='word_1_300' title='bbox 539 3573 630 3634; x_wconf 89' lang='lat' dir='ltr'>deum</span> <span class='ocrx_word' id='word_1_301' title='bbox 664 3573 803 3648; x_wconf 87' lang='lat' dir='ltr'>includit,</span> <span class='ocrx_word' id='word_1_302' title='bbox 841 3578 870 3633; x_wconf 89' lang='lat' dir='ltr'>et</span> <span class='ocrx_word' id='word_1_303' title='bbox 906 3589 976 3632; x_wconf 92' lang='lat' dir='ltr'>eum</span> <span class='ocrx_word' id='word_1_304' title='bbox 1013 3575 1062 3648; x_wconf 86' lang='lat' dir='ltr'>qui</span> <span class='ocrx_word' id='word_1_305' title='bbox 1097 3574 1162 3633; x_wconf 90' lang='lat' dir='ltr'>sine</span> <span class='ocrx_word' id='word_1_306' title='bbox 1196 3572 1256 3632; x_wconf 93' lang='lat' dir='ltr'>ullo</span> 
     </span>
     <span class='ocr_line' id='line_1_40' title="bbox 141 3655 1258 3734; baseline -0.002 -14"><span class='ocrx_word' id='word_1_307' title='bbox 141 3655 255 3720; x_wconf 80' lang='lat' dir='ltr'>affectu</span> <span class='ocrx_word' id='word_1_308' title='bbox 277 3659 307 3717; x_wconf 92' lang='lat' dir='ltr'>in</span> <span class='ocrx_word' id='word_1_309' title='bbox 331 3661 424 3719; x_wconf 91' lang='lat' dir='ltr'>rebus</span> <span class='ocrx_word' id='word_1_310' title='bbox 448 3666 578 3721; x_wconf 90' lang='lat' dir='ltr'>naturae</span> <span class='ocrx_word' id='word_1_311' title='bbox 603 3660 746 3720; x_wconf 88' lang='lat' dir='ltr'>subiectis</span> <span class='ocrx_word' id='word_1_312' title='bbox 770 3660 973 3720; x_wconf 89' lang='lat' dir='ltr'>essentialiter</span> <span class='ocrx_word' id='word_1_313' title='bbox 992 3665 1133 3719; x_wconf 84' lang='lat' dir='ltr'>naturam</span> <span class='ocrx_word' id='word_1_314' title='bbox 1152 3675 1258 3734; x_wconf 92' lang='lat' dir='ltr'>super-</span> 
     </span>
     <span class='ocr_line' id='line_1_41' title="bbox 141 3744 1258 3822; baseline -0.003 -17"><span class='ocrx_word' id='word_1_315' title='bbox 141 3759 272 3822; x_wconf 76' lang='lat' dir='ltr'>gressus</span> <span class='ocrx_word' id='word_1_316' title='bbox 303 3752 367 3816; x_wconf 89' lang='lat' dir='ltr'>est,</span> <span class='ocrx_word' id='word_1_317' title='bbox 397 3746 567 3821; x_wconf 88' lang='lat' dir='ltr'>naturalia,</span> <span class='ocrx_word' id='word_1_318' title='bbox 603 3761 672 3805; x_wconf 91' lang='lat' dir='ltr'>cum</span> <span class='ocrx_word' id='word_1_319' title='bbox 702 3747 805 3806; x_wconf 87' lang='lat' dir='ltr'>ornuia</span> <span class='ocrx_word' id='word_1_320' title='bbox 834 3750 956 3822; x_wconf 88' lang='lat' dir='ltr'>posset,</span> <span class='ocrx_word' id='word_1_321' title='bbox 988 3747 1092 3822; x_wconf 80' lang='lat' dir='ltr'>egisse</span> <span class='ocrx_word' id='word_1_322' title='bbox 1115 3744 1258 3805; x_wconf 91' lang='lat' dir='ltr'>credendi</span> 
     </span>
     <span class='ocr_line' id='line_1_42' title="bbox 141 3830 1260 3908; baseline 0.001 -20"><span class='ocrx_word' id='word_1_323' title='bbox 141 3845 205 3890; x_wconf 88' lang='lat' dir='ltr'>non</span> <span class='ocrx_word' id='word_1_324' title='bbox 235 3830 352 3892; x_wconf 88' lang='lat' dir='ltr'>initium</span> <span class='ocrx_word' id='word_1_325' title='bbox 380 3830 460 3891; x_wconf 86' lang='lat' dir='ltr'>iacit.</span> <span class='ocrx_word' id='word_1_326' title='bbox 517 3830 567 3891; x_wconf 83' lang='lat' dir='ltr'>Sic</span> <span class='ocrx_word' id='word_1_327' title='bbox 596 3833 687 3908; x_wconf 89' lang='lat' dir='ltr'>igitur</span> <span class='ocrx_word' id='word_1_328' title='bbox 716 3833 1009 3897; x_wconf 81' lang='lat' dir='ltr'>secundumunum</span> <span class='ocrx_word' id='word_1_329' title='bbox 1041 3830 1260 3908; x_wconf 90' lang='lat' dir='ltr'>interpretandi</span> 
     </span>
     <span class='ocr_line' id='line_1_43' title="bbox 141 3914 1258 3994; baseline 0 -19"><span class='ocrx_word' id='word_1_330' title='bbox 141 3914 269 3975; x_wconf 86' lang='lat' dir='ltr'>modum</span> <span class='ocrx_word' id='word_1_331' title='bbox 299 3916 345 3978; x_wconf 91' lang='lat' dir='ltr'>dei</span> <span class='ocrx_word' id='word_1_332' title='bbox 376 3917 533 3978; x_wconf 89' lang='lat' dir='ltr'>stultitiam</span> <span class='ocrx_word' id='word_1_333' title='bbox 562 3923 592 3977; x_wconf 88' lang='lat' dir='ltr'>et</span> <span class='ocrx_word' id='word_1_334' title='bbox 621 3918 826 3978; x_wconf 87' lang='lat' dir='ltr'>infirmitatem</span> <span class='ocrx_word' id='word_1_335' title='bbox 854 3923 885 3977; x_wconf 89' lang='lat' dir='ltr'>et</span> <span class='ocrx_word' id='word_1_336' title='bbox 912 3918 1015 3978; x_wconf 92' lang='lat' dir='ltr'>lusum</span> <span class='ocrx_word' id='word_1_337' title='bbox 1039 3922 1198 3994; x_wconf 87' lang='lat' dir='ltr'>spectasse</span> <span class='ocrx_word' id='word_1_338' title='bbox 1221 3917 1258 3977; x_wconf 89' lang='lat' dir='ltr'>de</span> 
     </span>
     <span class='ocr_line' id='line_1_44' title="bbox 140 4002 1257 4083; baseline 0.002 -21"><span class='ocrx_word' id='word_1_339' title='bbox 140 4002 319 4063; x_wconf 85' lang='lat' dir='ltr'>coniectura</span> <span class='ocrx_word' id='word_1_340' title='bbox 348 4018 449 4064; x_wconf 89' lang='lat' dir='ltr'>sermo</span> <span class='ocrx_word' id='word_1_341' title='bbox 480 4019 577 4064; x_wconf 92' lang='lat' dir='ltr'>ausus</span> <span class='ocrx_word' id='word_1_342' title='bbox 609 4009 671 4077; x_wconf 87' lang='lat' dir='ltr'>est,</span> <span class='ocrx_word' id='word_1_343' title='bbox 700 4021 769 4064; x_wconf 90' lang='lat' dir='ltr'>cum</span> <span class='ocrx_word' id='word_1_344' title='bbox 800 4007 910 4080; x_wconf 87' lang='lat' dir='ltr'>quibus</span> <span class='ocrx_word' id='word_1_345' title='bbox 940 4020 994 4080; x_wconf 90' lang='lat' dir='ltr'>per</span> <span class='ocrx_word' id='word_1_346' title='bbox 1023 4004 1257 4083; x_wconf 87' lang='lat' dir='ltr'>digressionem,</span> 
     </span>
     <span class='ocr_line' id='line_1_45' title="bbox 141 4090 1257 4168; baseline 0.002 -20"><span class='ocrx_word' id='word_1_347' title='bbox 141 4094 289 4162; x_wconf 87' lang='lat' dir='ltr'>tanquam</span> <span class='ocrx_word' id='word_1_348' title='bbox 330 4091 486 4165; x_wconf 89' lang='lat' dir='ltr'>praeviam</span> <span class='ocrx_word' id='word_1_349' title='bbox 526 4090 814 4168; x_wconf 88' lang='lat' dir='ltr'>contemplationem</span> <span class='ocrx_word' id='word_1_350' title='bbox 855 4092 1029 4168; x_wconf 86' lang='lat' dir='ltr'>propositae</span> <span class='ocrx_word' id='word_1_351' title='bbox 1068 4091 1257 4167; x_wconf 84' lang='lat' dir='ltr'>quaestionis</span> 
     </span>
     <span class='ocr_line' id='line_1_46' title="bbox 140 4174 1256 4253; baseline 0.001 -18"><span class='ocrx_word' id='word_1_352' title='bbox 140 4174 364 4249; x_wconf 80' lang='lat' dir='ltr'>exemplarem,</span> <span class='ocrx_word' id='word_1_353' title='bbox 393 4178 541 4252; x_wconf 83' lang='lat' dir='ltr'>abyssum</span> <span class='ocrx_word' id='word_1_354' title='bbox 564 4191 685 4252; x_wconf 87' lang='lat' dir='ltr'>quoquc</span> <span class='ocrx_word' id='word_1_355' title='bbox 708 4178 853 4253; x_wconf 86' lang='lat' dir='ltr'>abyssum</span> <span class='ocrx_word' id='word_1_356' title='bbox 878 4179 1073 4238; x_wconf 86' lang='lat' dir='ltr'>invocantem</span> <span class='ocrx_word' id='word_1_357' title='bbox 1095 4178 1125 4236; x_wconf 91' lang='lat' dir='ltr'>in</span> <span class='ocrx_word' id='word_1_358' title='bbox 1150 4193 1256 4238; x_wconf 86' lang='lat' dir='ltr'>vocem</span> 
     </span>
     <span class='ocr_line' id='line_1_47' title="bbox 140 4258 1257 4340; baseline 0.004 -21"><span class='ocrx_word' id='word_1_359' title='bbox 140 4258 312 4321; x_wconf 87' lang='lat' dir='ltr'>divinarum</span> <span class='ocrx_word' id='word_1_360' title='bbox 336 4265 573 4323; x_wconf 87' lang='lat' dir='ltr'>catarractarum</span> <span class='ocrx_word' id='word_1_361' title='bbox 597 4276 699 4329; x_wconf 87' lang='lat' dir='ltr'>sermo</span> <span class='ocrx_word' id='word_1_362' title='bbox 721 4262 803 4324; x_wconf 89' lang='lat' dir='ltr'>hano</span> <span class='ocrx_word' id='word_1_363' title='bbox 825 4258 958 4324; x_wconf 87' lang='lat' dir='ltr'>urentem</span> <span class='ocrx_word' id='word_1_364' title='bbox 982 4264 1152 4340; x_wconf 86' lang='lat' dir='ltr'>gnosticam</span> <span class='ocrx_word' id='word_1_365' title='bbox 1175 4279 1257 4334; x_wconf 90' lang='lat' dir='ltr'>esse,</span> 
     </span>
     <span class='ocr_line' id='line_1_48' title="bbox 129 4346 1257 4426; baseline 0.004 -21"><span class='ocrx_word' id='word_1_366' title='bbox 129 4346 326 4422; x_wconf 42' lang='lat' dir='ltr'>‘sapientiam</span> <span class='ocrx_word' id='word_1_367' title='bbox 349 4348 558 4424; x_wconf 86' lang='lat' dir='ltr'>invocantem,</span> <span class='ocrx_word' id='word_1_368' title='bbox 593 4349 809 4424; x_wconf 87' lang='lat' dir='ltr'>interpretatus</span> <span class='ocrx_word' id='word_1_369' title='bbox 833 4350 943 4410; x_wconf 85' lang='lat' dir='ltr'>exilem</span> <span class='ocrx_word' id='word_1_370' title='bbox 967 4349 1120 4425; x_wconf 87' lang='lat' dir='ltr'>quandam</span> <span class='ocrx_word' id='word_1_371' title='bbox 1145 4356 1257 4426; x_wconf 86' lang='lat' dir='ltr'>myste-</span> 
     </span>
    </p>
   </div>
   <div class='ocr_carea' id='block_1_6' title="bbox 0 0 1382 4778">
    <p class='ocr_par' dir='ltr' id='par_1_6' title="bbox 0 0 1382 4778">
     <span class='ocr_line' id='line_1_49' title="bbox 0 0 1382 4778; baseline 0 0"><span class='ocrx_word' id='word_1_372' title='bbox 0 0 1382 4778; x_wconf 95' lang='lat' dir='ltr'> </span> 
     </span>
    </p>
   </div>
  </div>
 </body>
</html>
