2752 4778
1094 212 1170 292 ddi

56 409 92 465 at
119 405 178 464 bos
206 406 237 463 ei
264 413 364 474 equus
394 401 448 474 sit,
481 405 511 461 et
532 403 560 461 si
583 403 663 477 quod
687 402 768 464 aliud
791 420 971 480 corporeum
992 410 1022 466 et
1041 422 1172 484 genera-

55 496 127 553 lium
144 494 176 549 et
196 487 353 549 interiens.
398 486 558 562 Nunquam
582 491 661 549 enim
683 490 878 564 particularia
899 491 1112 566 praedicantur
1133 493 1172 552 de

56 572 304 643 universalibus,
325 587 434 647 neque
462 575 582 649 species
611 575 649 634 de
678 577 857 654 generibus,
888 593 988 653 neque
1017 578 1054 638 de
1076 580 1174 639 conii·

58 663 206 724 nendbus
235 664 395 733 contenta,
426 659 555 735 ideoque
578 676 678 737 nequa
700 665 928 738 reciprocantur
948 667 1026 724 inter
1048 680 1082 724 se
1104 667 1173 724 uni·
1232 683 1235 687 ’

58 747 195 811 msam
217 752 248 806 et
267 745 479 822 particularia,
502 762 601 821 neque
624 762 740 826 genera
762 755 792 809 et
813 753 948 826 species,
971 766 1071 826 neque
1090 767 1174 811 com·

57 834 168 896 munia
195 839 227 893 et
253 831 435 907 peculiaria,
471 848 568 908 neque
596 833 730 908 denique
759 839 944 897 continentia
967 843 998 896 et
1020 843 1172 898 contenta.

58 919 114 982 Sic
145 919 237 998 igitur
271 917 440 978 secundum
469 918 550 979 hanc
578 921 812 996 explicationem
841 929 874 982 et
900 923 940 983 dc
969 925 1047 984 bove
1076 928 1106 982 et
1131 922 1174 983 ‘de

58 1021 145 1084 equo
172 1011 204 1067 et
230 1004 271 1064 de
294 1004 427 1078 quolibet
449 1005 509 1065 aiio
533 1007 737 1068 statuendum.
792 1007 897 1084 itaque
919 1025 978 1068 non
1003 1009 1112 1070 suflicit
1134 1007 1173 1068 ad

59 1093 187 1171 planam
218 1106 318 1151 rerum
349 1092 553 1168 cognitionem
582 1107 687 1154 eorum
718 1109 796 1168 quae
818 1096 898 1155 circa
919 1111 973 1155 eas
994 1100 1174 1171 spectantur

60 1178 152 1258 plura
178 1193 375 1252 enumcrare,
409 1193 520 1253 corpus
549 1180 694 1253 inquam,
723 1185 754 1240 et
782 1180 862 1255 quod
892 1189 1054 1259 generetur
1075 1187 1106 1241 et
1126 1181 1174 1240 in·

59 1268 179 1338 torcat,
211 1270 242 1325 ei
271 1279 472 1338 quaecunque
501 1264 530 1323 ld
559 1281 658 1343 genus
687 1267 857 1327 subiectum
884 1270 1083 1342 comitantur,
1117 1266 1174 1326 sed

61 1351 148 1430 qnod
175 1351 223 1411 iris
254 1351 423 1410 subiectum
451 1356 516 1423 est,
553 1357 587 1410 ui
616 1352 847 1413 fundamentum
869 1355 899 1411 in
923 1370 983 1430 quo
1004 1354 1057 1414 iiia
1080 1358 1172 1429 stant,

61 1439 191 1500 omnino
221 1438 315 1497 eiiam
343 1436 414 1510 quid
445 1439 484 1497 sit
513 1437 714 1499 demonstrari
743 1456 821 1516 opus
844 1445 907 1511 est,
941 1442 967 1500 si
988 1441 1121 1517 perfecte
1143 1444 1175 1499 et

62 1525 155 1602 piene
187 1523 258 1598 quid
292 1523 442 1600 cogitetur
473 1528 705 1598 repraesentare
738 1527 934 1587 voluerimus.
1001 1527 1064 1586 Aut
1080 1590 1081 1593 ,
1095 1524 1175 1585 enirn

62 1609 220 1675 nominem
252 1608 403 1669 habemus
432 1608 533 1669 dicere
563 1617 617 1670 aut
647 1613 754 1672 bovem
786 1619 840 1673 aut
867 1627 980 1688 equum
1008 1613 1087 1672 haec
1113 1612 1174 1672 lam

62 1711 147 1772 qaae
175 1711 237 1756 non
265 1701 339 1756 sunt
366 1696 466 1770 ipsum
497 1696 556 1756 hoc
584 1712 711 1775 corpus,
744 1698 800 1758 sed
823 1699 1010 1774 corporalia,
1044 1704 1074 1757 ei
1096 1712 1176 1772 quae

62 1798 127 1845 non
157 1787 231 1842 sunt
258 1782 317 1842 hoc
343 1783 442 1856 ipsum
471 1784 686 1860 generationes
708 1791 739 1846 et
755 1786 916 1860 interitus,
952 1784 1007 1845 sed
1030 1791 1177 1862 generata

62 1874 96 1930 at
116 1868 318 1940 intereuntia,
348 1867 428 1928 adeo
449 1874 484 1928 ut
505 1868 597 1944 haec,
633 1886 743 1946 corpus
765 1873 889 1946 inquam
914 1876 945 1931 et
965 1871 1122 1950 generatio
1144 1875 1176 1930 et

62 1955 218 2030 interitus,
253 1953 414 2016 manifesto
447 1955 590 2039 animalia
623 1959 822 2029 comitentur,
858 1957 914 2017 sed
943 1975 1004 2017 non
1033 1956 1177 2016 animalia

62 2044 134 2119 ipsa
163 2042 299 2102 existant
326 2040 421 2112 haec,
451 2056 579 2118 corpus,
608 2043 746 2119 inquam,
777 2049 807 2103 et
835 2045 992 2121 generatio
1019 2048 1052 2103 et
1072 2043 1176 2103 interi-

63 2134 128 2191 tos.
181 2126 288 2203 Itaque
317 2127 343 2186 si
373 2127 445 2187 nllrii
476 2128 626 2189 derebus
650 2131 774 2188 omnino
798 2130 966 2190 secundum
990 2131 1087 2204 ipsam
1110 2128 1177 2187 exi-

63 2215 209 2277 stentiam
235 2213 267 2273 ld
294 2218 344 2274 esi
372 2214 452 2289 quod
480 2230 585 2276 eornm
616 2227 696 2289 quae
726 2216 857 2276 anobis
883 2216 923 2275 de
945 2232 982 2275 eo
1004 2216 1177 2292 cogitantur

64 2306 97 2363 ei
126 2300 270 2369 dicantur
295 2302 494 2378 congregatio
524 2307 554 2361 et
576 2306 624 2362 est
649 2306 681 2360 et
702 2301 825 2373 dicitur,
858 2302 914 2362 sed
936 2300 1018 2362 aliud
1041 2300 1114 2376 quid
1136 2300 1175 2359 ab

64 2384 114 2448 iria
143 2386 316 2458 diversum,
345 2385 375 2445 id
405 2386 547 2447 videlicet
575 2386 657 2463 quod
685 2387 736 2448 iiia
766 2389 963 2459 comitantur,
992 2403 1028 2446 ea
1051 2400 1176 2447 conser-

64 2488 145 2535 ms
174 2488 213 2533 ac
240 2473 400 2533 continens
428 2473 569 2547 quidem,
595 2475 696 2549 ipsum
718 2490 789 2535 vero
814 2474 861 2533 his
885 2488 1080 2549 naquaquam
1102 2486 1176 2533 con·

64 2564 187 2623 amium
208 2563 264 2619 aut
285 2565 499 2621 conservatum
529 2560 571 2636 (id
594 2562 674 2620 enim
695 2562 775 2620 circa
797 2561 879 2636 quod
900 2560 979 2621 haec
1000 2565 1031 2620 et
1053 2563 1125 2619 sunt
1147 2562 1178 2618 et

65 2644 209 2709 danuam
237 2661 298 2706 uon
328 2651 377 2706 est
395 2661 435 2707 ex
456 2642 524 2717 his,
555 2661 654 2722 nequa
676 2644 767 2718 haec,
798 2661 897 2722 neque
918 2645 1033 2722 aliquid
1056 2645 1176 2718 horum,

65 2747 170 2809 neque
191 2747 230 2792 ex
251 2731 419 2808 aliquibus,
444 2747 543 2808 neque
565 2733 694 2793 alieuius
715 2749 822 2793 eorum
833 2748 966 2811 ,nequa
984 2734 1015 2792 ln
1034 2733 1099 2818 iris,
1123 2737 1178 2793 ant

10 2836 14 2869 ι
66 2817 239 2897 dioniius,
268 2825 324 2880 ant
350 2819 453 2892 aliquo
480 2816 623 2899 horum),
653 2819 776 2880 desinat
802 2834 881 2881 vane
909 2826 939 2881 et
966 2819 1057 2895 impie
1085 2832 1178 2896 agere

10 2900 16 2957 ἰ
63 2905 168 2975 omnis
203 2906 306 2965 anima
335 2905 458 2966 cuilibet
485 2904 535 2964 dei
564 2921 664 2965 rerum
693 2907 802 2967 rationi
830 2907 978 2967 insultare
1006 2906 1179 2981 petulanter

10 3004 19 3045 r
65 2990 190 3067 editas
203 3005 241 3053 ec
268 2990 352 3051 vei
344 3007 375 3051 ιιι
403 2990 506 3067 parvis
537 2993 689 3068 propriam
718 2992 943 3053 animadvertat
964 2991 1177 3066 infirmitatem,

10 3082 99 3140 α
124 3076 218 3141 tacite
245 3074 423 3138 revereatur
449 3075 631 3139 incilabiiem
654 3078 755 3139 solum
777 3079 921 3155 omnique
942 3083 974 3138 et
996 3079 1179 3155 cogitatione

64 3169 99 3226 et
127 3163 302 3242 cognitione
330 3165 517 3240 superiorem
547 3163 669 3226 divinae
701 3166 856 3226 essentiae
889 3165 1057 3224 veritatem.
1116 3159 1179 3221 Nec

10 3250 136 3331 *ipra
165 3250 247 3310 enim
275 3254 310 3313 ut
337 3256 429 3311 autea
459 3250 561 3311 docuit
584 3255 768 3327 sanctns‚,
776 3253 927 3312 accurata
948 3249 998 3309 vei
1020 3247 1179 3325 paululum

10 3350 17 3385 ι
66 3335 251 3401 conditionis
288 3338 459 3413 perceptio‘
496 3337 668 3398 secundum
704 3352 808 3397 veram
843 3338 992 3398 rationem
1028 3352 1047 3396 a
1075 3340 1179 3394 nostra

10 3436 16 3471 ι
66 3423 244 3504 cognitione
267 3423 548 3501 comprehenditur,
574 3429 608 3484 ot
630 3439 690 3502 ego
711 3437 833 3500 quoque
855 3422 1013 3499 paululum
1037 3435 1179 3483 sermone

10 3524 17 3559 ¹
65 3502 264 3581 immorarer,
300 3514 390 3586 atque
424 3525 577 3571 summam
608 3515 638 3571 ei
666 3526 727 3571 non
757 3510 970 3587 vestigabilem
997 3508 1180 3584 sapientiam

10 3596 247 3659 ἶιιιιιιιιιιτιιι.
299 3595 372 3669 Quis
400 3597 481 3656 enim
511 3597 667 3657 hominum
700 3597 894 3673 quantumvis
922 3594 1109 3655 eruditorum
1131 3606 1181 3652 ra·

10 3696 16 3727 ⁵
66 3683 234 3745 lendibus
262 3680 361 3744 nctus
390 3685 600 3744 instrumentis
629 3687 660 3743 et
688 3682 879 3743 documentis
908 3694 988 3755 quae
1014 3695 1078 3740 non
1109 3682 1182 3739 sunt

10 3780 36 3841 ·,.
67 3768 206 3831 mansos
234 3782 339 3830 aarum
368 3783 449 3844 quae
479 3774 553 3829 sant
581 3770 775 3830 maiestatem
798 3770 915 3829 ratione
938 3781 1106 3845 aggressus
1130 3778 1182 3825 co-

10 3868 17 3897 ··
66 3870 234 3935 gnoscere,
256 3869 401 3916 enarrare
423 3862 515 3933 atque
536 3857 668 3932 probare
689 3853 824 3931 potenti
869 3853 1024 3928 Quaenam
1048 3856 1121 3914 sunt
1142 3850 1181 3911 de

10 3950 20 3987 ι
67 3941 234 4011 minantia
263 3941 372 4016 colom
403 3956 509 4002 eorum
538 3954 618 4015 quae
646 3942 784 4002 existunt
813 3941 852 4001 ab
874 3941 957 4001 initio
978 3941 1110 4000 insertae
1131 3950 1182 4000 ra·

10 4030 18 4075 i
66 4030 169 4099 tiones
191 4032 285 4102 atqua
305 4028 494 4105 implicatae,
529 4026 699 4088 secundum
722 4040 799 4101 quas
822 4026 1060 4102 unumquodque
1081 4030 1113 4086 et
1134 4029 1183 4085 est

10 4110 19 4163 ἰ
66 4120 99 4177 et
132 4116 275 4175 naturam
307 4112 417 4187 habet,
453 4118 484 4175 et
516 4113 644 4174 formam
672 4125 703 4173 et
733 4112 868 4188 speciem
896 4118 1021 4173 nactum
1052 4116 1115 4187 est,
1152 4115 1184 4170 et

10 4208 32 4245 i·
66 4199 274 4279 compositum
295 4205 360 4277 ast,
390 4207 422 4262 et
440 4200 537 4277 vaiet,
569 4205 600 4260 et
623 4199 705 4279 agit,
732 4202 764 4259 et
784 4200 913 4276 patitur,
935 4212 977 4258 ne
998 4210 1184 4259 commemo-

65 4303 134 4350 rem
164 4286 343 4362 prauitatis
369 4291 403 4349 et
428 4286 583 4363 qualitatis
612 4291 643 4346 et
665 4283 832 4347 allectimis
855 4284 964 4346 alioci
987 4288 1018 4343 et
1038 4284 1184 4359 temporis

10 4388 16 4407 '
65 4380 99 4438 ei
127 4371 292 4451 posidonia
318 4379 350 4435 et
374 4373 517 4435 motionis
539 4377 570 4433 et
590 4372 714 4435 habitus
737 4369 938 4434 differentiam
958 4385 996 4431 ac
1016 4369 1185 4447 proprieta-
