2752 4778
222 198 295 276 ³28

219 376 318 492 λριπά
350 383 410 445 τῶν
439 379 541 446 ἐκείσε
563 379 735 465 θαυμάτων
758 406 790 446 τε
812 386 866 446 καὶ
886 387 1024 465 σημείων
1047 381 1228 464 ἐπιτελῶν,
1260 383 1326 466 πρὸς

219 468 256 533 τὸ
286 472 396 533 δούναι
426 477 493 542 τοῖς
518 468 596 574 μὲν
604 479 734 544 πιστοῖς
762 472 822 532 τῶν
851 467 1048 552 κατεχόντων
1071 474 1192 535 δεινῶν
1216 470 1328 535 ἐλευθε·

220 560 292 639 ρίας
322 553 454 635 ἐλπίδα,
483 564 550 628 τοῖς
578 547 729 659 ἀπίστοις
756 558 791 619 δὲ
819 560 1032 633 συναίσθησιν
1061 562 1117 667 τχῖς
1141 556 1330 634 κολαζούσης

221 640 399 723 δυνάμεως,
438 638 520 722 πρὸς
552 636 713 706 ἀπόθεσιν
745 645 798 720 τῆς
830 642 1022 750 κατεχούσης
1050 640 1172 719 αύτούς
1200 649 1278 729 περὶ
1303 641 1329 707 τύ

221 733 315 792 θεῖον
342 724 539 832 πωριύσεως,
571 726 743 793 θάλασσαν
769 729 902 810 τέμνων
898 725 1024 836 ῥάβδῳ
1053 736 1108 793 καὶ
1141 726 1182 834 τό
1215 733 1332 813 συνεχὲς

222 811 359 878 διαλύων
381 815 437 877 τού
459 810 588 887 ύδατος,
620 817 673 892 τῆς
695 815 817 888 οἰκείας
836 813 878 897 μη
902 813 1105 897 ἐξισταμένου
1127 815 1333 926 φύσεως,ς
1296 815 1333 889 είς

223 903 334 964 δίοδον
359 902 418 981 μὲν
445 902 506 962 τῶν
535 894 575 1002 δι
597 893 694 1008 66166
714 900 972 1009 διωκομένων,
959 899 1078 1009 επρχῆν
1100 905 1139 965 δὲ
1164 907 1230 967 τῶν
1251 899 1333 966 ἀναι-

223 992 297 1060 τίως
319 983 497 1091 διωκόντων
520 981 555 1048 τό
561 982 699 1087 εύχενὲς
716 992 769 1051 καὶ
788 984 977 1094 ἐλεύθερον,1
997 986 1082 1070 ύδωρ
1102 988 1194 1099 ξύλω
1211 993 1333 1072 γλυκαί-

225 1096 301 1154 νων,
323 1075 376 1135 καὶ
395 1068 492 1179 ἀρτον
511 1067 666 1153 ἀνήροτον
686 1069 905 1181 0696666ev⁰
886 1097 949 1137 υων
972 1075 1059 1148 ξένον
1082 1080 1140 1137 καὶ
1166 1051 1333 1184 ἀχνωστον,

223 1164 277 1225 καὶ
305 1153 475 1266 πλῆθος
457 1160 573 1260 ορνέων
602 1157 764 1241 ἐδωδίμων
794 1157 1000 1267 ἐξαίφνης
964 1184 1017 1237 της
1039 1160 1209 1240 θαλάττης
1229 1160 1334 1266 ἐκβρά·

225 1247 300 1323 ζων,
334 1247 508 1351 χωρῑςτῆς
529 1242 727 1351 κατὰφύσιν
750 1244 783 1320 ἐξ
804 1242 947 1323 ἀλλήλων
969 1248 1139 1329 διαδοχῆς,
1172 1244 1259 1334 πρός
1279 1273 1334 1310 πα·
1364 1328 1368 1337 ¹

224 1335 388 1439 ραμυθίαν
409 1332 471 1394 τῶν
493 1328 527 1392 ἐν
549 1333 585 1419 τῆ
612 1329 717 1441 ἐρήμῳ
747 1330 1036 1441 κακοπαθούντων,
1074 1333 1196 1409 ὕδατος
1223 1337 1334 1441 μητέρα

224 1416 279 1496 τὴν
307 1420 425 1501 πέτραν
453 1396 653 1494 ἀποδεικνύς,
685 1417 731 1492 είς
758 1423 931 1526 βεβαίωσιν
958 1424 1095 1494 πίστεως
1123 1423 1193 1483 τῶν
1222 1420 1336 1494 ἐντοῖς

225 1501 326 1613 ἀγῶσι
354 1500 659 1580 λειποτακτούντων,
687 1501 832 1608 ποταμόν
860 1499 1047 1568 ἀνακόπτων
1075 1502 1163 1589 πρὸς
1192 1506 1335 1589 διάβασιν

226 1588 367 1696 ἀβροχον
395 1590 476 1652 λαού
497 1591 687 1670 θεοσεβοῦς,
721 1584 812 1667 ἢλίου
834 1614 866 1654 τε
889 1595 943 1653 καὶ
965 1588 1094 1669 σελήνης
1116 1591 1249 1677 δρόμον
1272 1593 1335 1658 ἐπέ·

224 1699 291 1779 χων
319 1669 478 1739 ἀκώλυτον
507 1673 711 1782 παραδόξως,
740 1673 794 1782 την
823 1671 1003 1786 ἀεικίνητον
1026 1682 1084 1743 τού
1111 1676 1335 1764 περιέχοντοςΙ

65 1789 113 1829 οιι
123 1784 216 1828 tm
226 1760 323 1871 φύσιν
357 1760 473 1838 στήσας
506 1756 667 1841 ἀκίνητον,
706 1760 788 1844 πρὸς
817 1759 956 1846 ὀλεθρον
983 1760 1119 1872 ἀσεβούς
1153 1769 1337 1840 δυναστείας

226 1843 410 1956 ἀμαθῶς
389 1851 735 1957 αντιπαραταττομένης
762 1851 846 1932 θεῷ,
877 1854 931 1912 καὶ
953 1855 1028 1931 πρὶν
1049 1849 1132 1954 λάβη
1157 1855 1263 1962 πέρας
1283 1856 1337 1917 τῶν
1375 1891 1376 1896 1

226 1930 394 2044 ὁρωμένων
432 1928 448 2012 6
487 1931 634 2015 δύναμις,
673 1939 727 1997 καὶ
766 1933 812 2008 είς
847 1933 1057 2040 κατάσχεσιν
1072 1940 1128 2014 τῆς
1166 1935 1338 2047 πόρρωθεν
1375 1976 1376 2009 ;

226 2017 372 2104 ἀψευδῶς
399 2018 623 2102 ἐπηχχελμένης
650 2014 871 2102 κληρονομίας
927 2024 994 2085 Καὶ
1022 2019 1060 2085 τά
1089 2022 1243 2087 Zocn6⁰
1221 2049 1288 2092 οσα
1306 2024 1337 2133 66
1375 2052 1376 2059 ¹

226 2109 432 2185 πεποιηκέναι
459 2109 598 2189 λέγεται,
627 2108 706 2170 κατά
735 2131 767 2170 τε
795 2107 849 2185 τὴν
878 2110 935 2211 766
964 2112 1017 2187 τῆς
1037 2112 1311 2221 κατασχέσεως
1291 2117 1338 2176 καί

226 2193 280 2270 τάς
301 2191 416 2269 λοιπάς
443 2192 490 2268 εἷς
520 2192 599 2268 ὅσας
627 2183 707 2272 ἦλθε
735 2192 971 2302 παρανομήσας
992 2191 1009 2258 6
1038 2200 1187 2303 παλαιος
1203 2193 1338 2302 Ισραέηλ,

226 2285 299 2388 6666
329 2279 384 2343 τὸν
412 2277 533 2386 τρόπον
563 2284 617 2357 τῆς
639 2277 810 2363 ἐνεργείας,
843 2276 909 2344 ἀλλ’
934 2276 971 2344 06
993 2286 1067 2364 περὶ
1086 2279 1146 2346 τδν
1168 2282 1326 2368 λόχον
1292 2309 1338 2364 της
1375 2301 1376 2306 ’

227 2363 404 2446 ύπάρξεως,
444 2361 499 2443 τῆν
534 2363 630 2448 φύσιν
668 2364 899 2474 καινοτομήσας
938 2369 999 2430 τῶν
1037 2392 1173 2435 καινοτο
1202 2375 1337 2450 ηθέντων
1374 2363 1376 2387 ⁴

226 2459 396 2530 πεποίηκεν
424 2446 441 2515 6
472 2449 559 2526 θεός.
620 2442 765 2515 Μεθ’
739 2477 783 2515 ων
811 2448 957 2517 ἁπάντων
978 2459 1032 2558 καὶ
1053 2450 1129 2537 μεθ
1151 2482 1178 2529 α
1199 2456 1237 2523 τό
1263 2453 1337 2522 6³⁰
1320 2481 1335 2521 ο

226 2537 329 2603 πάντα
358 2543 412 2602 καὶ
442 2533 482 2600 δι’
512 2528 550 2602 06
575 2534 766 2602 καινότατον
787 2536 885 2613 ὅντως
904 2538 1090 2649 μυστήριον
1099 2544 1156 2620 τῆς
1181 2541 1282 2610 αύτου
1268 2541 1335 2608 ’δι’

227 2622 307 2709 ἧμᾶς
334 2623 604 2727 ένανθρωπήσεως
632 2625 813 2732 ἐπιτελὲσφς
842 2632 917 2708 περὶ
946 2623 1002 2690 τόν
1029 2625 1173 2710 τρόπον,
1207 2624 1278 2695 ἀλλ’
1304 2625 1336 2696 ού

226 2716 300 2793 περὶ
329 2706 385 2775 τόν
414 2708 528 2791 λόγον,
563 2708 617 2810 την
646 2708 744 2793 φύσιν
772 2710 1013 2822 ἐκαινοτόμησε,
1046 2715 1230 2824 66056666
1263 2742 1336 2801 σαρ-

227 2795 282 2900 κάς
312 2793 364 2859 διὰ
389 2797 487 2878 μέσης
515 2794 625 2904 ψυχῆς
644 2801 769 2879 νοερᾶς,
811 2794 952 2883 ἀρρήτως
979 2799 1171 2902 κυχθεὶς”
1145 2827 1225 2868 ανευ
1261 2828 1335 2870 σπο-

227 2887 307 2989 ρᾶς,
334 2884 387 2945 καὶ
415 2885 578 2962 γεννηθεὶς
606 2879 784 2961 ἀληθῶς”
763 2910 835 2949 ανευ
859 2889 996 2994 φθορᾶς
1010 2883 1192 2994 ἄνθρωπος
1214 2893 1335 2969 τέλειος,

226 2965 347 3077 ψυχὴν
358 2964 471 3073 νοτράχ
496 2964 575 3051 μετά
605 2967 751 3051 σώματος
779 2971 812 3046 ἐξ
840 2967 934 3050 αύτῆς
959 2978 1013 3050 τῆς
1034 2967 1210 3058 ἀφράστου
1230 2976 1335 3056 συλλη

226 3074 311 3139 ψεως
333 3052 481 3140 ἐσχηκός.

217 3249 296 3326 Ὅτι
330 3255 432 3322 πάσα
466 3244 577 3344 φύσις
604 3250 663 3344 τῷ
691 3248 813 3345 οἰκείῳ
837 3248 936 3348 λόχῳ
963 3248 1171 3335 διαπαντὸς
1200 3255 1273 3350 ἔχει
1298 3253 1335 3328 τὸ

276 3351 386 3434 τέλος.

330 3505 428 3616 Πόσα
450 3504 528 3613 χάρ,
550 3506 732 3579 καθολικῶς
753 3503 870 3585 εἰπεῖν,
899 3502 1009 3614 φύσις,
1039 3505 1135 3584 νοητή
1157 3533 1194 3573 τε
1216 3515 1271 3574 καί
1291 3509 1336 3574 6-

226 3592 389 3704 66616‚‘
377 3590 472 3676 η’χουν
501 3588 585 3699 διπλῇ
613 3596 667 3654 καὶ
693 3585 864 3668 σύνθετος,
898 3588 973 3654 καθ’
1004 3589 1200 3670 οἱονδήποτε
1218 3593 1336 3703 τρόπον

227 3682 260 3747 ἐκ
288 3683 404 3764 μέρους
432 3678 485 3758 την
513 3676 603 3785 ντρός
623 3676 659 3742 τὸ
690 3670 771 3741 εἶναι
800 3681 852 3756 τῆς
877 3681 1028 3786 χενέσεως
1056 3673 1160 3762 ἀρχὴν
1192 3675 1335 3747 ούδέποτε

221 3772 362 3879 δέχεται
399 3763 470 3829 ούτε
498 3763 560 3847 μην
590 3759 668 3839 ἐξ
651 3769 796 3846 ημισείας
824 3769 942 3874 μοίρας
970 3761 1179 3847 ἀφίστασθαι
1203 3767 1333 3833 δύναται

221 3851 304 3921 Ἀλλ’
335 3853 362 3917 εἰ
391 3856 450 3935 μὲν
478 3849 631 3924 σύνθετος
660 3849 755 3934 φύσις
777 3848 878 3929 ἐστὶν,
909 3849 965 3929 ὅλη
989 3855 1091 3914 τελεία
1116 3859 1258 3930 τελείοις
1278 3865 1336 3929 τοίς

228 3941 360 4048 οἶκείιχις
380 3941 510 4046 μέρεσιν
532 3934 662 4020 ἀθρόως
685 3942 931 4043 συνυφίσταται,
957 3932 999 4019 μη
1022 3935 1143 4043 ἔχουσα
1168 3939 1255 4023 πρὸς
1276 3941 1335 4006 ἐαν

228 4023 281 4130 την
309 4022 328 4133 6
356 4023 440 4128 πρὸς
465 4021 583 4102 ἀλληλα
613 4026 673 4086 τῶν
702 4014 789 4098 ἐξ
763 4047 806 4086 ων
831 4022 899 4087 ἐστι
920 4026 1032 4126 μερῶν
1047 4020 1102 4099 τῆν
1126 4024 1266 4093 οἱανούν
1285 4053 1335 4093 κα·

229 4111 266 4175 τά
295 4110 350 4176 τόν
377 4109 553 4219 χρόνον
526 4108 702 4175 διάστασιν.
758 4110 799 4172 El
828 4112 862 4173 66
884 4105 968 4187 διπλῆ
991 4107 1084 4192 φύσις
1107 4108 1216 4191 ἐστιν,
1250 4112 1336 4197 ἤγουν

229 4197 337 4278 νοητὴ,
367 4221 509 4273 ωςαυτως
531 4196 596 4279 ἀμα
617 4206 685 4271 τοῖς
706 4193 815 4273 ἑαυτῆς
837 4192 1088 4306 ἀπαραλείπτως
1101 4195 1220 4280 λόχοις
1241 4205 1334 4309 τελτίρ

229 4288 361 4358 τελείοις
394 4280 525 4393 ἀθρόως
557 4286 820 4393 συνυφίστασθαι
855 4284 991 4392 πέφυκε,
1023 4279 1146 4366 χρόνου
1187 4284 1276 4363 τινός
1304 4284 1333 4350 τό

229 4368 364 4435 σύνολον
402 4365 496 4447 αύτην
529 4372 590 4434 τῶν
620 4368 746 4433 οἰκείων
779 4367 897 4452 λόχων,
933 4365 1078 4452 ούδαμῶς
1108 4371 1332 4460 διακρίνοντος
