2768 4784
226 185 298 271 260

225 372 358 458 ἐνεργεῖ,
386 374 440 436 καὶ
470 366 605 454 πάσχει,
634 395 701 435 ινα
712 367 755 452 μὴ
783 370 863 450 λέγω
891 366 945 447 τήν
974 365 1006 434 έν
1035 373 1081 459 τῶ
1108 373 1205 477 ποσῷ
1228 384 1273 439 ιε’
1300 417 1302 420 >

227 462 270 545 τῶ
291 459 394 544 ποιῶ,
423 461 477 521 καὶ
498 460 536 547 τῇ
557 459 681 560 σχέσει,
711 461 766 520 καί
794 457 838 542 τῷ
860 453 965 559 τόπῳ,
994 461 1116 545 καὶτῷ
1135 457 1263 564 χρόνῳ,
1320 451 1355 532 ,Ῡ

225 570 260 653 τη
246 522 387 649 ⁸666,
409 545 446 632 τῇ
463 566 496 607 τε
515 540 635 622 κινήσει
654 547 709 607 καί
727 541 800 623 ἕξει,
820 517 984 648 διαφοράν
1001 548 1066 608 καὶ.
1075 521 1230 624 ίδιοτητο,
1252 568 1280 609 ιτ

224 626 246 693 δι’
272 636 326 694 καὶ
354 624 371 707 5
401 609 521 693 666³t
494 631 586 733 ημάς
611 630 820 740 μεγαλοφυῶς
848 625 959 709 λογική
987 632 1125 712 πέφυκεν
1151 630 1281 713 ίσαρίθ
1328 632 1331 637 ’

224 714 443 780 πλατύνεσθαι
462 712 646 824 δόναμις’
617 739 663 790 εις
683 717 775 797 νοῶν,
805 717 859 779 καὶ
880 712 1023 797 νόησιν,
1035 720 1090 781 καί
1111 716 1254 798 έννοιαν,

225 799 385 883 διάνοιαν,
418 805 472 865 καὶ
501 826 667 910 συνυοιαν,
700 805 754 864 καὶ
782 797 838 864 τόν
865 797 1051 866 ἐνδιάθετον
1076 799 1193 909 λόγον,
1221 800 1292 868 τόνι

224 886 304 994 κατὰ
328 885 501 998 πρόφοραν
517 893 570 952 καὶ
594 885 649 953 τόν
670 883 846 969 γεγωνότα,
868 890 1011 952 τουτέστι
1060 886 1139 968 ωνήν
1160 894 1215 954 καὶ
1236 914 1269 955 κι

224 971 294 1057 γήν,
329 999 383 1039 και
412 978 509 1049 αυθις
536 971 747 1056 συνάγεσθαι,
776 976 876 1056 χωρὶς
903 976 956 1051 τῆς
983 999 1041 1038 κατ
1079 973 1254 1059 ἐπιστήμην
1278 976 1352 1045 dt·

226 1058 404 1168 τέχνην,“
377 1083 479 1146 ωςιτερ
509 1058 542 1125 έν
567 1063 662 1163 ποσρῖ
691 1083 723 1124 τε
750 1064 805 1123 καῖ
827 1062 914 1144 ποιῷ
936 1064 990 1124 καὶ
1012 1070 1079 1171 τρῖς
1100 1065 1246 1139 λοιποῖς,
1273 1072 1358 1139 165²

225 1144 294 1221 θῶς
320 1143 559 1230 άπηρίθμηται,
592 1170 705 1211 τουτου
735 1147 895 1252 διαφφράς
922 1169 956 1210 τε
984 1151 1039 1212 καῖ
1067 1145 1250 1259 ἰδιότητος,Ι
1274 1148 1345 1229 Τίς

225 1227 435 1341 ὅγινῶσιων
461 1231 535 1307 τοὺς
563 1230 676 1315 λόγους
708 1229 768 1296 τῶν
801 1227 900 1342 ὄντων
931 1229 1041 1308 καθῶς
1072 1237 1126 1298 καὶ
1158 1233 1259 1338 εἰσίν,
1289 1226 1345 1309 ὃς

225 1311 332 1400 εἷπον,
353 1344 407 1383 και
398 1321 633 1428 διαφέρρυσι,
653 1322 708 1382 καὶ
727 1314 849 1389 στάσιν,
861 1315 990 1400 ἔχουσιν
1011 1314 1158 1399 άκίνητον
1178 1315 1234 1399 τήν
1252 1314 1330 1391 mi

225 1403 321 1491 φάσιν
347 1409 401 1469 καὶ
429 1405 514 1510 πρός
534 1401 654 1484 άλληλα
674 1407 828 1513 μηδαμῶς
842 1409 1108 1513 μεταπίπτουσαν
1129 1411 1267 1486 κίνησιν,
1298 1401 1333 1473 66

225 1494 263 1598 πή
290 1489 410 1569 κινήσει
438 1488 492 1568 τήν
518 1489 645 1567 στάσιν,
682 1496 736 1554 καί
765 1489 798 1554 έν
819 1492 857 1591 τῇ
879 1490 989 1556 στάσει
1010 1517 1048 1556 το
1037 1489 1331 1603 παραδοξότατον

226 1603 280 1656 την
307 1575 472 1656 κίνησιν”
454 1600 584 1683 εχοντα;
620 1583 667 1652 τίς
694 1575 777 1683 πρὸς
804 1556 924 1684 άλληλα
945 1580 1007 1642 τῶν
1028 1576 1227 1644 έναντίων’
1197 1602 1245 1654 εις
1263 1572 1332 1682 ἑνός

225 1661 350 1746 κόσμου
379 1660 533 1728 σάστασιν
562 1658 580 1727 6
610 1660 740 1745 δεσμός,
772 1665 827 1726 καὶ
856 1659 1079 1741 τήςεάτάκτου
1101 1669 1210 1737 τεκαὶ
1232 1658 1332 1749 άφάρ·
1364 1680 1367 1685 ’

226 1774 281 1815 του
309 1747 460 1826 κινήσεώς
488 1772 520 1813 τε
549 1753 603 1813 καὶ
632 1744 867 1856 διοικήσεως
848 1772 868 1813 ο
897 1747 1032 1833 τρόπος,
1070 1755 1119 1828 τίς
1147 1748 1246 1855 πάλιν
1271 1750 1331 1815 τῶν

224 1832 299 1904 καθ’
335 1830 416 1918 ἡμεῖς
449 1832 603 1918 σωμάτων
635 1831 652 1914 5
685 1838 746 1900 τῶν
775 1832 923 1900 ἐναντίων
950 1834 1030 1900 κατὰ
1056 1834 1111 1915 τήν
1136 1834 1251 1923 κράσιν
1278 1828 1331 1900 διδ
1368 1848 1371 1853 ’

225 1924 406 2028 σρνθέσεως
433 1919 616 2005 συμπλοκή,
647 1920 686 1985 τά
708 1923 862 1986 διεστῶτα
883 1919 962 2024 κατά
983 1919 1038 2001 τήν
1042 1920 1158 2032 φάσιν
1178 1922 1226 1998 είς
1226 1926 1331 2032 φιλιι

64 2036 112 2078 τοι
127 2032 217 2081 ιηνεο.
225 2005 281 2089 τήν
302 2012 466 2074 συνοικίαν
488 2005 684 2112 δνάγφυσα,Ι
709 2012 762 2075 καὶ
785 2003 823 2097 15
841 2004 1009 2115 μεσότητι
1013 2006 1052 2073 τό
1078 2009 1110 2073 έν
1132 2005 1245 2115 τρῖβ’
1220 2030 1333 2095 ακροις

225 2091 382 2179 αάστηρόν
410 2093 666 2176 τιθασσεάουσα,
698 2099 751 2157 καῖ
777 2103 895 2178 χωρεῖν
922 2089 962 2157 δι’
990 2089 1133 2174 άλλήλων
1152 2087 1333 2201 665ch
1375 2141 1377 2146 ,

224 2179 529 2287 παρασκευάζουσα
546 2185 601 2245 καί
624 2177 736 2283 ταύτην
756 2181 930 2286 ποιουμένη
952 2185 1015 2244 τῶν
1036 2183 1199 2246 συνθέτων
1220 2176 1332 2259 συντή-
1375 2262 1378 2267 ¹

226 2293 335 2356 ρησιν,
358 2264 411 2347 τήν
429 2271 489 2332 τῶν
499 2264 611 2378 άκρων
632 2261 711 2332 κατά
734 2263 789 2344 τήν
810 2263 925 2348 κράσιν
945 2265 991 2341 εἷς
1011 2263 1131 2347 ι’ίλληλα
1151 2266 1331 2373 περιχῶρη·

226 2380 295 2436 σιν,
321 2359 375 2462 καὶ
402 2357 470 2428 πῶς
497 2352 633 2419 ἕκαστον
661 2349 780 2416 τούτων
808 2349 893 2432 ἐστὶ,
924 2357 979 2416 καὶ
1008 2359 1041 2417 τί
1068 2352 1175 2461 ἐστι,
1186 2358 1243 2419 καὶ
1268 2354 1331 2421 ποῶ

226 2444 337 2550 φέρον
347 2437 366 2518 5
388 2438 566 2551 φερόμενόν
587 2444 642 2504 καί
665 2437 718 2502 ἐπὶ
739 2442 838 2520 τίνιγε
857 2437 1024 2520 γένηται’“
1005 2465 1022 2517 η
1029 2442 1137 2546 φέρει
1156 2435 1175 2518 5
1192 2443 1332 2526 φέρεται,

227 2523 265 2592 οδ
291 2523 408 2634 μόνον,
436 2521 478 2600 ῶς
505 2526 642 2636 εἴρηται,
674 2517 725 2596 οἷς
751 2527 997 2634 προηγουμένως
1014 2520 1204 2634 υπάρχουσι
1236 2528 1330 2593 ταῦτι

225 2612 350 2721 λόγοις,
373 2607 455 2714 άλλρὶ
471 2616 525 2676 καὶ
545 2605 595 2686 οἷς
595 2607 693 2720 πρός
713 2609 809 2674 ἑαυτά
831 2634 863 2675 τε
885 2615 939 2673 καί
960 2608 1043 2694 πρός
1064 2609 1184 2692 άλληλα
1193 2618 1331 2718 μυρίοις

225 2695 291 2764 κατ’
320 2695 464 2761 ἐπίνοιάν
490 2721 524 2761 τε
550 2702 604 2761 καὶ
632 2697 791 2806 ἐνέργειαν
819 2699 1018 2780 διαιροῦνται
1048 2722 1080 2762 τε
1108 2704 1163 2764 καὶ
1188 2696 1331 2764 &rosum

225 2781 377 2885 τρόποις,
409 2787 464 2847 καὶ
492 2773 588 2859 αὖθις
614 2788 662 2858 τίς
690 2779 708 2847 6
737 2780 834 2864 λόγος
861 2785 915 2862 τῆς
941 2786 998 2846 τοῦ
1024 2779 1098 2848 καθ’
1120 2783 1256 2850 ἕκαστον
1278 2779 1332 2851 οὔ·

225 2872 310 2979 σίας,
334 2867 474 2972 φάσεως,
497 2867 616 2948 εἴδους,
639 2867 819 2976 σχήματος,
838 2871 1032 2971 συνθέσεως,
1055 2868 1226 2981 δυνάμεως,
1248 2869 1332 2976 ἐνερ·

224 2961 341 3060 γείας,
359 2952 504 3032 πάθους;
539 2961 587 3031 τίς
614 2958 649 3019 δε
675 2949 819 3020 πάλιν“
802 2979 820 3018 ο
850 2952 996 3063 καθόλου
1025 2967 1094 3032 τοῖς
1120 2981 1240 3062 ακροις
1254 2951 1331 3023 κατά

224 3037 261 3108 τό
285 3038 418 3107 ἑκάστου
438 3045 538 3127 πέρας
559 3038 613 3105 διά
635 3044 692 3106 166
709 3044 811 3125 μέσου
833 3036 887 3119 τήν
899 3038 992 3147 πρὸς
1014 3038 1134 3122 άλληλα
1158 3041 1332 3151 συνάφειαι

225 3127 367 3233 ἐνεργῶν
379 3125 532 3211 λόγος,“
519 3153 572 3192 ινα
593 3125 679 3193 τότε
700 3130 775 3192 νοῶν
795 3130 849 3191 καὶ
872 3124 909 3191 τό
930 3126 1106 3231 νοούμενον
1126 3127 1239 3193 διά
1201 3154 1256 3209 της
1275 3129 1332 3214 μέ·

224 3239 281 3323 σης
310 3212 463 3323 νοήσεως,
491 3216 629 3323 σχέσεως
655 3210 751 3294 οάσης
778 3210 925 3291 ἓνωτικής
953 3216 1013 3278 τῶν
1041 3217 1236 3324 διῃρημένων
1258 3218 1333 3321 περὶ

225 3327 262 3367 το
250 3297 356 3376 δξ’
336 3312 459 3411 αμφοῖν
481 3300 601 3406 νόημα,
635 3301 787 3404 συναφθῇ
806 3303 860 3364 καὶ
871 3304 1067 3405 περιληφθή
1087 3298 1273 3380 άλλήλοις
1259 3326 1334 3368 εκω·

224 3412 317 3493 τερα,
350 3392 404 3451 καὶ
431 3390 559 3493 μηδὲν
558 3383 595 3450 τό
600 3384 779 3489 παράπαν
804 3382 884 3450 κατά
911 3389 1005 3450 τοῦτο
1034 3369 1165 3495 δειχθῇ
1171 3391 1235 3453 τῶν
1253 3385 1334 3495 μετά

223 3470 305 3539 θεόν
325 3476 522 3583 περιγραφῆς
544 3468 689 3576 δπάρχον
711 3468 956 3580 έλεάθερον,“
929 3496 1031 3554 ωςπερ
1053 3479 1107 3537 καὶ
1130 3470 1167 3536 τά
1190 3470 1332 3554 αἰσθητά

224 3557 327 3623 πάντα
349 3564 404 3623 καὶ
422 3556 460 3623 τά
482 3556 763 3641 αἷσθανόμενα,’
750 3556 847 3639 ήγουν
868 3555 1059 3661 αἰσθητικά,
1086 3556 1199 3623 διά
1161 3584 1216 3639 της
1233 3562 1334 3663 μέσης

224 3642 424 3751 αίσθήσεως,
458 3647 647 3752 σχέσεως
633 3642 728 3723 οάσης
760 3646 868 3721 κοινῆς
902 3646 962 3707 τῶν
995 3646 1189 3730 διῃρημένων
1216 3645 1334 3732 διειρων,

224 3735 286 3796 τῶν
305 3734 366 3839 μὲν
387 3725 430 3805 ῶς
450 3733 482 3794 δι
512 3754 606 3809 αυτης
627 3726 945 3840 ἀντιλαμβανομένων
967 3735 1029 3793 τῶν
1056 3731 1240 3813 αἰσθητῶν,
1272 3734 1334 3797 τῶν

225 3820 261 3882 δέ
295 3813 335 3880 δι’
371 3811 464 3895 αυτής
499 3811 745 3882 υποπιπτόντων
777 3824 846 3889 τοῖς
878 3813 1145 3922 φίσθανομέυοις,
1169 3823 1262 3919 περὶ
1295 3813 1332 3882 τό

225 3899 499 4009 αἰσθητήριον,
484 3925 519 3966 εν
549 3893 577 3988 ᾧ
603 3899 640 3967 τό
668 3907 767 3988 πέρας
792 3903 847 3979 τής
873 3897 1008 3964 ἑκάστου·
1035 3899 1114 3967 κατά
1144 3899 1200 3980 τήν
1217 3905 1335 4011 σχέσιν

225 3984 428 4089 δυνάμεως
413 3984 557 4073 υπάρχον
585 3992 778 4068 καθέστηκε,
805 3990 954 4068 καὶπερὶ
978 3982 999 4050 6
1019 3984 1169 4090 ἀλλήλοις
1189 3985 1227 4052 τά
1211 3986 1335 4097 άιιρπ

224 4069 283 4176 διά
308 4078 361 4151 τῆς
387 4077 484 4157 μέσης
506 4076 644 4181 σχέσεως
665 4073 820 4139 ένουσθαι
842 4073 969 4175 πέφυκε
1029 4070 1227 4151 Τοάτων,”
1205 4101 1224 4153 5
1248 4098 1336 4151 τινος

224 4155 344 4222 τοέτων
371 4158 541 4244 ἐρευνᾶν
527 4183 760 4267 επιχειρουντες
787 4155 861 4232 τοδς
880 4151 1061 4264 λόγους,”
1037 4183 1151 4224 αιονοι
1155 4165 1337 4270 παντελῶς

223 4248 280 4309 ιιαῖ
267 4241 443 4351 η..ἄφωνοι
447 4253 521 4328 περὶ
543 4244 600 4311 τόν
620 4247 719 4350 λόγον
738 4246 891 4351 μένομεν,
918 4237 976 4308 οόκ
997 4242 1124 4325 ἔχοντες
1130 4235 1172 4353 6
1192 4270 1255 4313 τινι
1278 4245 1336 4315 τόν

60 4362 135 4402 com.
148 4357 213 4406 ιεοι
225 4331 301 4396 νοῦν
321 4329 483 4415 ακρηδῶς
476 4364 484 4416 5
502 4330 756 4419 έπερεισόμεθα,
777 4326 857 4408 πλήν
880 4330 931 4403 τής
952 4332 1046 4401 θείας
1061 4327 1235 4414 δυνάμεως.
1270 4338 1334 4399 Καὶ
