2752 4778
1087 218 1158 294 tat
1242 220 1245 225 ’

44 396 131 477 ihm,
161 404 331 467 rationibus
356 405 527 466 secuudum
550 420 629 480 quas
651 405 750 466 iactae
775 412 849 468 sunt
871 407 1046 480 aequatem,
1069 413 1162 484 atque

47 488 256 571 &iacetani
284 493 316 552 in
345 493 444 552 verbis
475 507 582 553 sacrae
612 493 779 568 scripturae
801 494 980 571 mysterium
1002 490 1109 554 eidem
1133 500 1163 555 et

46 580 115 643 U
145 576 207 639 ded
238 579 455 658 convenienter
487 578 636 647 didicere,
677 580 789 654 quippe
822 582 894 654 quia
925 579 974 640 dei
1007 582 1162 656 agnitione

48 664 123 729 W
140 662 310 725 anunm
325 661 425 725 'simui
447 665 599 726 revelatur
621 666 793 725 secundum
817 667 954 743 spiritum
977 667 1040 736 vis,
1071 683 1162 742 quarn

50 750 165 813 fflrn
180 749 369 812 conditarum
399 750 570 811 secundum
586 766 664 831 ‚eum
687 753 838 827 sapientia
862 757 892 812 et
914 754 1064 830 cognitio,
1097 756 1162 829 qui·

50 834 122 905 huf.
133 852 245 897 rursus
271 838 338 913 ipse
361 842 566 914 congruenter
587 836 807 898 manifestatur.
861 837 914 898 Per
937 837 1064 914 Moysen
1087 856 1160 900 vero

51 920 280 997 M'Eiiamdui
306 923 450 998 utrinque
480 922 607 984 aderaut
636 925 662 982 ei
687 956 724 969 -
750 939 822 983 nam
850 924 909 984 hoc
932 926 1162 1000 contemptatio-

52 1008 108 1071 ἡ·
126 1007 172 1069 ed·
197 1007 426 1084 disquirendum
454 1016 610 1085 superest,
642 1041 683 1054 -·
717 1011 829 1070 multos
852 1011 938 1071 iuxta
961 1013 1056 1072 muita
1078 1014 1162 1090 cogi-

50 1082 113 1157 Ιιῖε
130 1092 182 1175 ῑὲο
209 1095 261 1156 eis*
282 1098 410 1172 quorum
440 1097 590 1173 imagines
620 1098 795 1171 propositae
823 1103 910 1157 erent
932 1100 1085 1174 mysteriis
1108 1115 1161 1175 per

51 1184 152 1257 min
166 1182 463 1258 'contemplationem
487 1185 644 1258 gnosticos
665 1187 846 1258 receperunt
868 1183 983 1243 modos.

52 1383 319 1489 Contemplatio
342 1389 381 1461 in
404 1384 555 1488 Moysen
580 1396 617 1460 et
638 1382 771 1458 Eliam.

154 1539 177 1600 1.
222 1540 320 1615 Atque
349 1541 481 1619 primurn
512 1542 632 1616 quidem
655 1541 694 1601 de
717 1556 754 1600 eo
778 1539 859 1614 quud
883 1536 1021 1597 Sermoni
1043 1553 1081 1597 cc
1102 1537 1161 1599 deo

51 1627 126 1689 ratio
147 1632 211 1686 tam
234 1625 343 1704 tegnlis
365 1642 456 1701 quam
480 1628 656 1704 prophetica
678 1627 803 1687 deberet
824 1625 937 1684 adesse
958 1641 1012 1701 per
1035 1623 1160 1700 Moysen

50 1716 141 1789 atque
171 1710 268 1773 Etiam
297 1713 467 1787 piissimam
496 1719 643 1792 ceperunt
670 1713 840 1786 notionem,
871 1717 906 1770 ut
934 1726 1031 1786 qnae,
1063 1716 1161 1771 exeo

50 1794 93 1860 a·
109 1796 150 1858 de
183 1813 221 1858 en
249 1804 311 1858 tanr
341 1801 508 1861 existerent
536 1816 626 1876 qnam
656 1799 885 1866 denuntiarent,
921 1801 951 1856 et
981 1798 1061 1857 circa
1090 1813 1159 1857 euru

52 1880 218 1947 delineatae
240 1889 354 1945 essent.

150 1966 193 2032 tt.-
233 1968 347 2030 Deinde
376 1972 556 2047 sapientiom
583 1979 674 2046 atque
703 1969 895 2031 clementiam
923 1969 949 2028 ei
973 1968 1085 2028 edesse
1107 1985 1161 2044 per

51 2055 175 2117 eosdem
197 2056 373 2128 discebant,
396 2058 523 2117 aiteram
547 2059 619 2132 quia
641 2073 695 2134 per
713 2056 795 2115 hanc
817 2070 922 2116 eorum
946 2068 1024 2128 quae
1046 2053 1161 2114 iacien-

50 2140 88 2203 da
114 2143 294 2219 imperativa
316 2148 364 2203 est
388 2145 481 2214 ratio,
515 2149 545 2202 et
567 2144 748 2219 prohibitiva
771 2158 875 2203 eorum
900 2154 979 2214 quae
1002 2156 1064 2199 non
1089 2146 1161 2200 sunt

52 2226 207 2300 iacienda,
232 2230 323 2290 'cuius
351 2231 454 2308 imago
477 2229 599 2308 Moyses
631 2237 695 2290 erat
724 2231 810 2311 (nam
833 2227 1003 2300 sapientiae
1025 2241 1094 2285 esse
1117 2226 1161 2286 ie-

51 2312 224 2393 giei'ationis
242 2317 371 2394 matiam
390 2314 575 2398 eredimus):
605 2316 732 2376 aiteram
751 2331 823 2376 vero
842 2314 971 2372 invitare
993 2317 1084 2387 atque
1108 2313 1162 2372 ad·

50 2398 164 2479 hortari
188 2400 226 2462 ed
248 2402 382 2462 divinam
404 2404 498 2463 vitam
520 2419 574 2462 eos
598 2404 648 2478 qui
672 2419 709 2462 ea
733 2400 913 2471 exciderint,
949 2399 1036 2458 cuius
1059 2400 1162 2476 imago

50 2486 117 2559 erat
149 2485 248 2561 Elias,
289 2488 498 2565 propheticam
534 2504 623 2549 omne
657 2505 711 2565 per
744 2504 779 2547 se
813 2485 988 2560 significans
1023 2486 1160 2561 gratiam.

49 2572 236 2635 (dementiae
257 2576 337 2635 eninr
360 2576 482 2636 divinae
504 2577 660 2651 proprium
682 2577 803 2652 insigne
827 2577 876 2633 est
894 2571 1066 2632 adhortatio
1084 2588 1178 2655 quae,

50 2658 80 2719 M
101 2674 174 2729 eum
196 2660 387 2731 humanitate
411 2667 441 2721 et
463 2661 668 2739 induigentia,
693 2663 780 2722 cuius
796 2674 972 2735 praecones
995 2658 1161 2735 propbetas

49 2742 202 2807 tidriurus
232 2756 238 2765 ’

48 2844 52 2849 ’
101 2842 110 2863 ··
146 2830 204 2894 itt.
251 2831 304 2892 Vei
333 2835 538 2911 cognitionem
567 2839 596 2894 et
624 2831 841 2908 eruditionem,
880 2831 1007 2892 aiteram
1042 2832 1161 2908 quidem

49 2916 130 2993 qnod
152 2919 227 2979 boni
249 2934 286 2979 ac
309 2919 379 2980 mali
401 2914 557 2981 seientiam
580 2918 754 2978 hominibus
773 2922 926 2995 praestat:
956 2917 1041 2992 ,Dedi
1059 2920 1160 2993 enim‘,

47 3002 162 3089 inquit,
185 3006 299 3078 ,corani
323 3005 400 3066 facie
422 3012 475 3066 tua
495 3007 588 3066 vitam
612 3009 641 3065 et
663 3010 812 3079 mortem‘,
836 3004 962 3064 aiteram
987 3005 1027 3064 ad
1047 3005 1162 3083 eligen-

48 3084 139 3165 du'nr,
173 3090 299 3160 aiteram
323 3091 362 3152 ari
383 3092 599 3165 devitandum,
633 3097 663 3151 et
684 3107 723 3151 ne
746 3108 785 3163 err
806 3092 981 3168 ignorantia
1003 3107 1058 3165 pro
1081 3093 1161 3151 bono

47 3168 141 3253 peiuri
177 3192 213 3236 se
246 3180 313 3253 quis
349 3178 471 3251 induat,
508 3179 539 3238 id
567 3177 647 3252 quod
679 3177 801 3255 Moyses
831 3177 941 3236 iecisse
969 3178 1161 3237 renuntiatus

48 3268 112 3337 est,
143 3264 279 3324 venietis
309 3266 447 3340 symbola
468 3266 499 3323 in
523 3279 558 3324 se
578 3263 807 3338 praeformans:
838 3262 964 3322 aiteram
988 3277 1059 3320 vero
1080 3261 1160 3336 quod

48 3362 153 3409 comm
186 3350 217 3408 iu
248 3349 358 3423 lsrael,
393 3353 481 3412 cuius
511 3355 690 3426 praeceptor
719 3365 853 3427 magnus
884 3347 965 3407 Elias
994 3353 1075 3422 erat,
1111 3349 1161 3422 qui

47 3433 150 3511 palem
183 3440 214 3494 et
247 3432 441 3512 impudenter
469 3437 688 3497 contrariorum
717 3452 807 3497 usum
838 3436 1044 3511 sequebantur
1071 3449 1161 3510 sepa·

47 3519 207 3594 randaque
228 3521 433 3585 indifferenter
454 3521 699 3595 confundebant,
724 3525 843 3583 coercet
862 3519 1108 3593 indifferentiam,
1132 3524 1163 3580 et

48 3604 129 3683 quod
163 3622 268 3667 eorurn
303 3611 354 3684 qui
387 3610 467 3669 malo
500 3625 626 3685 prorsus
658 3624 693 3668 se
724 3608 906 3668 addixerunt
937 3609 1102 3667 amentiam
1131 3611 1162 3665 et

47 3690 187 3753 duritiem
211 3693 252 3754 ad
275 3697 473 3772 sapientiem,
502 3700 536 3755 ut
558 3696 650 3769 ratio,
681 3699 713 3754 et
735 3710 861 3754 sensum
884 3694 1014 3754 deducit.

153 3775 202 3838 IV.
248 3779 303 3841 Vei
332 3784 482 3842 actionem
513 3787 542 3841 et
573 3780 877 3856 contemptationem,
919 3781 1047 3841 aiteram
1078 3778 1160 3854 quod

47 3862 195 3925 maiitiam
223 3866 300 3927 toltit
328 3872 359 3929 et
387 3869 546 3929 virtutibus
577 3868 740 3944 propositis
771 3883 825 3927 eos
860 3868 910 3942 qui
943 3867 995 3927 iiia
1028 3869 1160 3944 aguntur

48 3950 229 4012 seeundum·
246 3951 386 4016 abactam
416 3971 543 4031 prorsus
566 3970 586 4014 a
609 3953 723 4017 mundo
745 3959 879 4026 resecat,
913 3957 948 4012 ut
970 3951 1093 4029 Moyses
1114 3950 1161 4011 ls-

10 4074 16 4089 ι
46 4036 161 4097 reniam
184 4038 224 4097 ab
244 4040 400 4118 Aegypto,
426 4042 596 4116 divinisque
615 4040 787 4115 praeceptis
810 4040 839 4097 in
864 4039 988 4115 spiritus
1011 4039 1159 4113 obsequio

115 4236 140 4287 i.
159 4226 279 4296 οδδὸλως
297 4240 356 4290 cod.
377 4239 443 4290 (iud.
464 4239 569 4301 ubique.
631 4236 634 4241 ⁴

78 4312 190 4441 alburg?
209 4320 287 4374 habet
305 4320 493 4388 apographum.
564 4324 587 4374 ’2.
616 4323 709 4372 Manus
728 4322 831 4384 antiqua
851 4324 963 4372 rrrrrexit
988 4323 1116 4386 αἴσθησις
1134 4325 1158 4372 iu

48 4402 103 4439 ω,
188 4425 194 4439 ,
663 4416 667 4421 .
