2752 4778
235 213 308 290 εει
389 157 393 166 ’

233 397 448 506 ἀμεταθέτου
459 403 513 464 καί
540 402 656 482 παχίας
679 399 771 475 ἐξεως
792 395 932 483 ἀμαθείς
951 395 1201 505 ἀποφανθῶσιν
1224 399 1260 464 οἱ
1281 425 1336 482 cvr

232 486 381 597 χάνοντες
411 487 465 563 τῆς
496 489 632 594 δωρεάς,
672 480 870 568 εἰέμπτωτον
902 487 948 562 εἰς
979 492 1095 554 κακίαν
1129 484 1190 566 τήν
1225 483 1337 593 χνοίμηι

233 572 358 657 ἔχοντες
389 567 441 634 διά
470 569 524 650 τήν
551 567 721 657 εῦμάρειαν
743 575 797 652 τῆς
818 598 873 638 του
859 575 994 638 καλοῦ
1016 569 1180 651 κτήσεως,
1210 575 1258 660 τῷ
1279 568 1338 636 666

233 682 276 746 νῳ
302 659 608 742 καταφρονουμένης

72 886 315 999 ¹62¹21⁰6266T⁰²³
340 879 457 953 αὐτοῦ
478 881 517 952 ἐκ
537 887 604 953 τοῦ
630 876 736 962 εἰς
698 908 747 952 το
763 875 904 974 Πάσχα
917 878 1112 1007 λόχου,ε
1096 882 1151 962 εςί
1131 851 1243 965 ςτὸ,
1278 887 1340 956 Γυ·

72 1006 149 1061 ι.ρ..,ε
160 1007 228 1061 ,εει
287 980 384 1075 μνὸν
410 989 455 1076 τῇ
483 977 659 1076 ἁπλότητι
693 979 757 1055 καὶ
784 980 860 1077 ζωῇ
886 990 932 1077 τῇ
960 981 1125 1080 ἀτέχνῳ,
1170 983 1237 1062 καὶ
1265 983 1340 1078 δίχα

71 1070 121 1155 ἰῶ.
135 1064 229 1154 66⁰6·
288 1083 426 1167 παντὸς
458 1086 753 1179 ἐπικαλύμματος
780 1083 844 1157 καὶ
862 1084 1153 1212 προβλήματος.
1199 1092 1341 1167 Τοιοῦ-

286 1216 353 1262 τον
376 1185 450 1287 γάρ
473 1188 624 1282 ἔπρεπεν
648 1184 802 1260 εἰναι
762 1215 829 1286 τον
852 1186 911 1260 ἀπ’
936 1186 1062 1283 ἀρχῆς.

344 1358 388 1417 Τί
415 1357 473 1437 μὲν
498 1351 552 1416 διὰ
575 1353 692 1418 τούτων
715 1348 732 1418 6
754 1356 852 1437 μέγας
874 1346 967 1428 οὗτος
988 1351 1190 1430 διδάσκαλος
1211 1361 1343 1464 κρυφίως

235 1439 466 1517 ἀποκαλύπτει,
489 1437 608 1521 μόνους
630 1441 767 1516 ἐκείνους
784 1440 902 1504 εἰδέναι
921 1445 1002 1524 φημὶ
1019 1436 1093 1516 τοῦς
1110 1465 1152 1504 το
1139 1435 1305 1507 6606’
1269 1447 1342 1546 αυτῷ

235 1532 288 1607 τής
315 1532 434 1610 σοφίας
457 1525 633 1634 εἰληφότας
661 1531 714 1592 καλ
742 1530 795 1604 τής
816 1524 960 1633 γνώσεως
979 1524 1145 1612 χάρισμα,
1182 1529 1218 1593 οἱ
1242 1525 1340 1593 διὰ
1313 1551 1342 1590 το

234 1617 341 1677 πᾶσαν
369 1611 423 1690 τήν
454 1611 487 1675 ἐκ
515 1616 631 1676 παθῶν
659 1617 713 1677 καὶ
741 1610 843 1690 πόσης
872 1607 979 1690 ῦλικής
999 1619 1233 1698 προςπαθείας
1255 1613 1342 1694 λήμην

235 1657 425 1762 ἀποθέσθόιι
447 1701 509 1761 τῶν
530 1702 648 1780 νοερῶν
670 1695 821 1781 ἀμμάτων
837 1696 891 1776 τήν
908 1694 1019 1762 ἀκτῖνα
1036 1702 1090 1777 τῆς
1109 1699 1147 1763 ἐν
1166 1700 1263 1777 ὅλοις
1279 1698 1342 1778 ἀλη·

235 1788 318 1860 θοῦς
336 1782 486 1894 χνῶσεως
502 1795 618 1867 χωρεῖν
640 1782 852 1865 ἐδυνήθησαν,
874 1779 991 1850 καθ’“
971 1810 1007 1863 ην
1028 1789 1074 1871 τῷ
1096 1781 1198 1872 ἀπλῶ
1217 1786 1298 1852 κατά
1313 1783 1341 1849 τό

235 1869 366 1955 ἐφικτόν
394 1875 447 1934 καί
476 1869 612 1935 ένοειδεῖ
636 1869 723 1980 λόγῳ
754 1870 810 1935 τὸν
832 1874 907 1936 νοῦν
929 1867 993 1934 ἀπὸ
1016 1874 1079 1934 τῶν
1100 1850 1241 1938 πολλῶν
1262 1898 1342 1955 περι

209 1962 412 2032 ,στείλαντες
433 1960 541 2022 πάσαν
561 1955 616 2035 τήν
629 1954 881 2064 ἐπιστημονικήν
902 1953 1015 2065 τῶνή”
995 1982 1095 2022 οντων
1117 1955 1211 2050 άπλή
1229 1964 1342 2026 συνέσει

235 2047 425 2126 περιέλαβον
454 2043 582 2121 εἴδησιν
629 2039 737 2152 Ημίν
753 2047 788 2106 δέ
818 2036 913 2118 οἷς
896 2067 914 2106 ο
945 2043 1089 2146 ζοφοςν
1071 2069 1119 2108 ετι
1143 2028 1202 2124 τῆς
1222 2045 1343 2154 ἀγνοίας

235 2129 431 2234 ἐπιπροςθεῖ
455 2127 536 2214 πρὸς
564 2126 617 2208 τήν
638 2134 697 2193 τοῦ
718 2125 861 2207 ἀληθοῦς
881 2128 1087 2209 κατανόησιν,
1119 2131 1238 2195 διά
1202 2159 1260 2213 την
1264 2136 1342 2242 περὶ

232 2215 317 2322 μόνα
341 2213 376 2278 τά
400 2219 596 2299 σαλευομένα
619 2220 675 2278 606
693 2219 750 2279 νοῦ
750 2212 963 2323 συστροφήν,
988 2215 1090 2300 οἰςπερ
1109 2217 1280 2302 τυφλδς”
1257 2241 1341 2303 αμφιι

234 2300 276 2366 τῶ
304 2313 392 2385 χεῖρε
412 2301 563 2411 φορυτόν
590 2301 664 2380 ῦλης
691 2294 846 2409 ἀφάσσων
874 2297 1012 2409 εῦρίσκει
1040 2303 1205 2381 πολλάκις
1233 2331 1264 2370 τι
1290 2307 1340 2369 τῶν

234 2394 376 2498 τιμίων,
388 2387 486 2463 οῦτως
502 2387 725 2471 ἐπιχειροῦμεν
742 2393 796 2452 καλ
815 2384 904 2470 ἡμεῖς
923 2385 1002 2471 μετά
1025 2396 1079 2467 τῆς
1100 2387 1227 2457 ἑαυτῶν
1249 2387 1337 2457 ἀσθε·

234 2481 320 2550 νείας
348 2473 449 2539 εἰπεῖν
477 2500 506 2538 τι
529 2479 608 2581 περὶ
637 2478 694 2537 τοῦ
722 2477 939 2583 προκειμένου
959 2473 1148 2580 ζητήματος.
1216 2481 1284 2542 Καὶ
1308 2472 1335 2552 66

234 2565 366 2644 λε’χομεν
395 2557 473 2624 ἀλλο
504 2558 540 2624 τδ
569 2558 722 2666 παράπαν
749 2557 888 2625 οῦδὲν”
870 2586 887 2638 η
918 2559 998 2643 άπερ
1029 2556 1048 2625 6
1074 2560 1160 2639 θεδς
1184 2563 1218 2628 ἐν
1239 2565 1335 2667 χερσὶν

235 2645 320 2730 ήμῶν
349 2650 482 2754 παραδῶ
510 2644 589 2710 κατά
619 2643 655 2711 τό
679 2650 954 2754 6676666666663
947 2644 1028 2727 πρὸς
1057 2646 1094 2712 τό
1117 2653 1250 2735 θρέψαι
1271 2645 1333 2714 κατέ

236 2728 404 2816 δόναμινί
389 2736 475 2813 ημῶν
497 2729 570 2808 τοῦς
593 2731 708 2807 κολοῦς
729 2736 869 2838 πατέρας
890 2736 985 2836 υμᾶς,
1015 2736 1096 2840 λέχω
1119 2739 1159 2799 δὲ
1182 2762 1226 2823 τῳ
1212 2740 1333 2846 ’φηλο-

236 2821 357 2904 φητικῷ
385 2817 470 2923 λόχῳ
500 2822 552 2897 τής
581 2817 613 2882 ἐν
627 2814 710 2926 ήμῖν
732 2822 845 2922 νοερᾶς
867 2816 1040 2901 δυνάμεως.
1047 2816 1176 2886 ἁπλοῦν
1197 2828 1253 2887 καὶ
1273 2819 1332 2886 666

236 2929 343 2988 ριττον
371 2881 523 2987 θεώρημα
546 2910 599 2970 καὶ
621 2900 695 2988 ήμΐν
717 2904 912 3014 σύμμετρον,
941 2911 995 2969 καὶ
1014 2906 1180 3012 πατρικήν
1203 2905 1332 2993 εάλοηίιιι

235 2989 526 3101 προςκαλοόμενον,
567 2989 677 3099 μήπως
712 2987 820 3082 ἀφυῶς
855 2989 911 3057 τόν
947 2987 1046 3074 ἀγρόν
1083 2997 1149 3057 τῶν
1185 2995 1332 3096 αἰσθητῶν

236 3077 398 3155 αἰσθητῶς
436 3074 515 3141 κατὰ
555 3075 610 3141 τόν
639 3073 740 3142 Ἡσαῦ
779 3074 1016 3161 περιοδεύοντες
1051 3085 1263 3190 στερηθῶμεν
1292 3075 1331 3143 διδ

234 3167 411 3273 βραδυτῆτα
440 3168 492 3242 τῆς
519 3162 646 3245 ἑτοίμης
673 3167 730 3228 τοῦ
757 3168 953 3249 τρεφομένου
980 3163 1103 3248 πατρὸς
1130 3160 1331 3276 6660766356

235 3249 332 3314 πάλιν
371 3245 410 3313 δι’
451 3246 722 3352 ῦφηλοφροσάνην
752 3276 782 3312 τι
820 3251 929 3333 μεῖζον
968 3253 1020 3328 τῆς
1058 3250 1230 3360 δυνάμεως
1262 3249 1332 3336 ήμὸι

236 3336 491 3414 ἐπιζητοῦντες
477 3360 511 3400 εκ
540 3339 601 3399 τῶν
629 3334 801 3400 οἰκούντων
829 3335 875 3401 ἔτι
904 3334 940 3400 τδ
969 3333 1047 3445 όρος
1074 3334 1167 3446 ήμῶν
1193 3344 1246 3420 τῆς
1266 3344 1331 3405 θοι*

237 3429 324 3508 ρίας,
361 3425 534 3532 τρωθῶμεν
562 3421 641 3486 κατὰ
670 3420 726 3487 τόν
750 3421 893 3505 Ισραῆλ,
922 3427 996 3529 περὶ
1018 3413 1062 3487 ὧν
1086 3420 1104 3488 6
1128 3424 1233 3510 νόμος
1254 3428 1332 3511 φησὶν

74 3545 151 3584 nme,
166 3539 185 3591 η
197 3538 230 3581 4³
237 3509 288 3573 ὅτι
309 3506 591 3617 παραβιασάμενοί
611 3533 691 3583 τινες
712 3504 867 3590 ἀνέβησαν
888 3509 934 3583 εἰς
955 3506 991 3572 τδ
1014 3506 1108 3618 όρος,
1138 3520 1196 3577 καλ
1219 3512 1332 3618 ἐξῆλθεν

238 3590 258 3660 6
276 3591 523 3703 Ἀμοιρραῖος
506 3621 524 3659 0
545 3594 641 3659 οἰκῶν
659 3595 692 3659 ἐν
714 3598 759 3657 τῶ
781 3591 850 3676 όρει
871 3593 979 3681 ἐκείνῳ
1002 3601 1055 3658 καλ
1080 3594 1272 3701 ἐτίτρωσκεν
1289 3591 1332 3661 αἰ·
1359 3606 1364 3624 ‘

237 3680 317 3756 τοῦς.
361 3677 511 3745 ἵπονοῶ
539 3687 644 3746 τοίνυν
666 3680 715 3746 ότι
739 3678 793 3759 τήν
815 3659 1034 3785 διαφοράἰ”
997 3707 1050 3760 της
1071 3679 1138 3790 πρὸ
1165 3690 1225 3750 τοῦ
1244 3709 1331 3787 παρτ·

236 3767 404 3876 πτώματος
430 3765 586 3877 κράσεως
599 3771 655 3830 τοῦ
683 3763 890 3852 ἀνθρωπίνου
918 3765 1066 3879 σῶματος
1096 3768 1131 3833 ἐν
1154 3777 1201 3860 τῶ
1221 3766 1330 3877 προτιό-

236 3879 308 3938 τορι
327 3850 428 3935 Ἀδάμ
449 3851 531 3936 πρὸς
554 3852 609 3931 τήν
630 3856 684 3916 νῦν
706 3852 965 3959 θεωρουμένην
951 3878 984 3916 ει
1002 3849 1077 3935 ήμῖν
1094 3862 1153 3921 καὶ
1171 3836 1330 3967 ἀραιοῦσα

238 3940 442 4014 ἐνδείξασθαι
468 3937 662 4020 βουλόμενος
689 3938 787 4002 ταῦτα’
808 3964 904 4023 φησιν
927 3935 944 4002 6
969 3937 1188 4028 διδάσκαλος,
1215 3940 1258 4021 ῶς
1275 3941 1330 4008 τότε

238 4024 352 4104 δηλαδή
380 4051 435 4089 του
422 4023 669 4128 ἀνθρώπου
656 4032 811 4100 εναντίαις
832 4031 885 4090 καὶ
909 4030 1107 4110 φθαρτικαίς
1129 4026 1274 4110 ἀλλήλων
1289 4053 1330 4095 τι·

238 4108 275 4175 τά
298 4110 352 4190 τήν
373 4111 486 4215 κράσιν
509 4115 565 4174 τοῦ
588 4109 734 4193 σώματος
758 4109 800 4194 μή
830 4114 1032 4220 διελκομένου
1061 4114 1255 4198 ποιότησιν,
1279 4109 1329 4180 666

237 4195 380 4274 ῶςαάτως
408 4196 537 4281 ἐχοντος
550 4194 678 4304 δίχα
662 4202 738 4280 ροής
759 4203 812 4261 καὶ
835 4194 1013 4305 ἀπορροῆς,
1047 4206 1104 4266 καὶ
1126 4207 1185 4284 τῆς
1207 4201 1284 4290 ἐφΗ
1272 4198 1366 4268 τιν’·

237 4308 311 4391 τερα
340 4282 457 4349 τούτων
484 4280 562 4348 κατὰ
591 4280 644 4362 τήν
671 4288 733 4348 τῶν
760 4283 937 4363 ποιοτήτων
965 4283 1175 4394 ἐπικράτειαν
1203 4290 1327 4398 συνεχεῖς

234 4363 439 4448 ἀλλοιώσεως
469 4367 640 4455 ἐλευθέρου
667 4369 892 4455 τυγχάνοντος,
918 4364 973 4435 οἷα
1003 4369 1040 4450 66
1070 4377 1127 4454 τῆς
1149 4373 1245 4444 κατά
1252 4371 1324 4462 χάριν
