2752 4778
1062 186 1134 269 tut

11 379 85 441 dici
107 384 234 455 propter
257 377 448 457 substantiae
468 377 625 436 unitatem.
676 375 786 437 Christi
808 378 888 436 enirn
910 385 997 452 pater
1019 380 1138 454 proprie

12 472 71 527 est
93 464 191 537 deus,
222 464 292 538 quia
314 463 393 521 iiiios
416 468 445 522 et
467 463 544 521 deus
568 479 668 522 sermo
691 469 721 523 ει
743 480 824 522 εεεε
847 472 975 526 εεεειεε
997 467 1138 525 trinitatis

15 553 134 615 existit
155 550 202 610 vel
224 555 295 626 post
317 549 591 621 carnificationem,
629 556 662 610 ut
684 552 774 609 etiam
798 550 846 611 dei
871 551 1006 610 ciusdem
1030 551 1139 612 Christi

15 654 141 699 rursus
162 642 211 697 est
230 637 368 712 proprie,
398 637 468 710 quia
491 636 582 695 homo
606 651 710 694 rerera
734 643 783 696 est
801 643 921 712 propter
944 654 1086 708 carnem,
1109 643 1140 697 ει

16 740 113 787 unus
138 723 294 785 hominum
318 722 543 798 appeiirrhatur3
577 738 655 796 quae
675 724 754 782 enim
778 726 908 797 partium
932 731 1017 799 sunt,
1042 740 1079 784 ea
1102 723 1139 783 de

16 816 108 883 toto,
139 809 219 885 quod
243 808 315 869 inde
338 810 491 878 consistit,
522 809 641 885 proprie
664 809 892 885 praedicantur,
924 813 995 886 quia
1018 811 1139 885 proprie

18 898 135 974 recipit
156 910 357 971 quaecunque
381 895 557 955 naturaliter
579 895 741 956 inhaerent
761 899 913 972 partibus,
943 897 1026 957 unde
1048 898 1139 957 etiam

19 988 181 1047 coustant.
233 981 388 1056 ,Alterum
416 983 576 1057 improprie
600 983 638 1041 de
660 989 805 1058 utroque‘
835 999 934 1058 aeque
958 982 1139 1059 capiendum

19 1075 93 1145 est,
125 1075 156 1129 et
183 1069 222 1128 de
251 1067 309 1128 deo
338 1074 369 1127 et
397 1068 434 1128 de
465 1074 567 1144 patre,
601 1070 671 1143 quia
700 1076 861 1144 utrumqne
890 1070 1072 1130 vocabulum
1101 1069 1140 1129 de

19 1157 150 1221 cbristo
171 1155 291 1230 proprie
314 1153 373 1214 dici
396 1158 517 1229 nequit,
546 1163 668 1230 propter
690 1156 859 1216 naturalem
882 1173 987 1216 earum
1013 1173 1049 1216 ex
1074 1157 1140 1229 qui·

19 1245 88 1307 bus
112 1246 144 1302 et
164 1243 195 1301 io
218 1242 328 1316 quibus
351 1242 492 1302 consistit
509 1248 685 1303 naturarum
704 1241 908 1302 differentiam.
955 1243 1040 1316 Quae
1058 1243 1139 1302 enim

20 1332 53 1391 ei
79 1327 163 1405 qaod
185 1327 224 1387 de
247 1328 465 1403 compositione
487 1334 583 1389 totum
606 1335 654 1389 εει
676 1329 844 1390 adhaerent
866 1329 904 1390 de
924 1347 986 1390 una
1005 1328 1139 1389 alterare

22 1418 161 1497 partium
185 1431 328 1488 suarum,
358 1431 396 1474 ea
417 1431 574 1489 nunquam
599 1419 718 1491 proprie
740 1417 1005 1492 praedicabuntur.
1051 1415 1141 1486 ,Con-

21 1510 94 1567 tra‘
118 1508 220 1563 autem
244 1516 353 1576 ,quam
375 1503 405 1560 in
430 1504 518 1562 nohis
541 1517 575 1560 se
598 1518 647 1561 res
670 1503 789 1575 hahet‘,
826 1503 884 1562 hoc
907 1508 955 1562 est
977 1517 1085 1562 rursus
1106 1505 1141 1560 ut

22 1590 68 1651 de
98 1590 188 1649 nohis
217 1604 251 1648 se
276 1587 367 1647 hahet
389 1605 447 1648 res.
500 1587 630 1661 Quaado
653 1591 733 1648 enim
756 1594 932 1648 notatarum
957 1594 1061 1664 specto
1083 1587 1140 1646 dii·

22 1676 206 1751 iereotium,
241 1689 357 1749 easque
388 1676 572 1751 cogitatione
600 1675 759 1748 discerno,
796 1675 835 1736 de
864 1683 991 1750 utroque
1020 1675 1140 1750 proprie

23 1777 146 1840 ponere
169 1777 229 1820 nou
252 1777 396 1836 possum,
420 1761 459 1821 de
481 1767 566 1836 patre
587 1762 710 1835 iuquam
733 1768 764 1822 ει
781 1763 820 1822 de
839 1762 905 1823 deo.
951 1761 1039 1821 Haud
1058 1763 1139 1821 enim

23 1849 153 1927 proprie
181 1848 331 1908 sermonis
358 1849 435 1908 deus
465 1853 513 1907 est
535 1852 637 1921 pater,
667 1864 764 1922 neque
787 1851 907 1925 proprie
929 1857 1016 1925 pater
1039 1849 1139 1908 carnis

25 1941 78 1997 est
100 1934 187 1994 dens.
233 1934 360 2004 ,Contra
383 1939 502 2007 quam‘‚
530 1932 590 1993 hoc
611 1940 657 1993 est
679 1951 786 1993 rursus
810 1951 899 2005 vero,
923 1936 969 1996 vel
988 1936 1140 1996 contrario

25 2020 139 2091 modo,
175 2018 255 2095 quod
285 2020 423 2078 nimirum
452 2020 581 2096 pertinet
604 2020 641 2078 ad
665 2019 738 2079 illud
770 2023 922 2096 ‚proprie‘
951 2026 981 2080 ει
1011 2021 1141 2094 ,impro-

25 2108 122 2185 prie‘‚
151 2105 189 2165 ud
217 2106 386 2166 unitionem
415 2111 446 2165 ει
468 2107 660 2166 substantiae
681 2108 846 2177 unitatem,
879 2107 917 2166 ad
941 2104 1140 2166 differentiam

12 2189 212 2255 'naturarum
233 2196 265 2251 et
286 2192 324 2251 ud
348 2191 510 2252 discrimen
533 2207 592 2267 quo
615 2198 716 2252 mente
738 2194 938 2269 percipimus,
968 2209 1037 2253 cum
1067 2194 1140 2251 sub·

27 2279 166 2341 stantiae
188 2279 290 2338 auitos
312 2280 432 2354 proprie
453 2279 512 2338 dici
535 2278 624 2337 deum
649 2284 679 2338 ει
698 2286 830 2356 patrem,
853 2284 887 2339 ut
907 2281 1000 2338 unius
1022 2279 1140 2348 Christi,

28 2364 71 2427 dc
100 2381 196 2426 causa
223 2365 378 2440 praedicta
404 2364 495 2424 deum
518 2365 656 2425 admittat
679 2382 809 2441 eumque
831 2382 939 2426 rursus
966 2364 1139 2425 essentialis

28 2458 210 2514 naturarum
239 2449 405 2510 differentia
433 2453 595 2527 improprie
626 2452 683 2511 dici
706 2455 848 2528 recipiat,
883 2451 1139 2527 quernadmodum

27 2538 61 2599 iu
93 2539 181 2598 nobis
210 2553 246 2597 se
274 2554 325 2597 res
353 2537 455 2596 habet.
509 2537 617 2597 Noster
639 2540 718 2599 enim
742 2540 860 2614 proprie
884 2538 960 2598 deus
983 2544 1031 2599 εει
1052 2538 1139 2611 deus,

28 2630 65 2687 ut
93 2627 185 2685 etiam
216 2626 367 2684 sermonis
396 2625 514 2695 camis,
547 2625 601 2684 sed
631 2641 690 2684 non
721 2630 858 2701 propria,
892 2632 993 2701 petar,
1021 2631 1055 2684 nt
1084 2640 1141 2685 nec

29 2712 183 2775 sermonis
205 2712 315 2770 carnis.
360 2709 492 2769 invicem
513 2713 591 2771 enim
616 2719 708 2786 atque
731 2718 837 2773 mutuo
861 2729 940 2787 quae
955 2714 1049 2772 totius
1069 2716 1142 2771 sunt

29 2797 181 2857 dehemus
202 2798 354 2871 partibus,
379 2811 518 2871 atraeque
540 2800 728 2873 propriarum
751 2807 799 2861 est
822 2801 950 2875 partium
973 2801 1026 2859 toti
1049 2799 1142 2857 debe·

28 2900 100 2945 rous
124 2885 273 2956 tribuere,
298 2889 389 2956 atque
412 2883 508 2942 facilis
532 2886 587 2943 erit
613 2893 642 2944 et
665 2888 828 2962 perspicua
851 2903 955 2946 eornm
979 2901 1058 2960 arrae
1081 2891 1141 2945 tra-

28 2973 154 3031 ctantur
182 2968 423 3044 comprehensio.
479 2969 516 3028 Ei
545 2986 605 3044 quo
634 2974 731 3048 magis
760 2974 955 3048 perspicuum
986 2973 1038 3032 fiat
1060 2971 1141 3045 quod

27 3054 117 3128 dico,
152 3056 277 3130 quaudo
312 3059 347 3114 ut
381 3056 586 3116 substantiam
615 3059 858 3133 contemplamur
886 3058 1038 3119 Christum
1068 3057 1141 3116 iliud

28 3142 172 3219 ,proprie
200 3141 239 3200 de
269 3148 425 3216 utroqoe‘,
455 3141 493 3201 de
524 3142 582 3202 deo
612 3144 736 3216 inquam
768 3152 798 3203 ει
825 3149 926 3219 patre,
956 3143 1141 3218 ponendum,

27 3227 155 3304 quando
187 3232 288 3287 autem
317 3244 371 3302 per
398 3229 591 3288 existentiam
620 3229 813 3289 inconfusam
843 3245 947 3289 eorum
977 3230 1007 3286 in
1031 3230 1141 3301 quihus

27 3319 62 3375 et
89 3330 129 3375 ex
159 3315 268 3388 quihus
292 3318 435 3373 coustant
456 3314 565 3374 Christi
587 3321 733 3386 traturae,
762 3315 835 3374 illud
860 3318 1001 3389 ,rursus‘
1024 3330 1141 3391 panea·

27 3401 122 3471 dum,
152 3400 232 3476 quod
262 3405 310 3459 est
338 3417 399 3460 noo
428 3402 561 3476 proprie,
591 3401 846 3476 quemadmodum
870 3404 900 3460 in
924 3403 1011 3460 nobis
1036 3417 1069 3461 se
1093 3418 1141 3462 res

26 3487 134 3549 habet.
180 3485 216 3545 Et
236 3484 296 3545 hoc
318 3486 469 3563 significat
491 3487 650 3548 manifesta
674 3489 812 3564 magistri
834 3490 945 3560 oratio,
976 3505 1044 3548 cum
1069 3490 1142 3548 suh-

27 3573 118 3644 iciat,
157 3573 272 3646 ,Atque
310 3571 369 3632 hoc
405 3578 454 3632 εει
482 3574 562 3648 quod
592 3575 764 3634 haereticos
796 3576 824 3633 in
856 3590 987 3634 errorem
1016 3574 1141 3648 inducit,

26 3673 143 3733 nempe
165 3660 320 3718 nominum
346 3658 451 3718 horum
478 3661 667 3732 coniunctio,
703 3663 881 3735 permutatis
905 3661 1044 3721 videlicet
1065 3661 1143 3719 iuter

26 3762 64 3807 se
85 3745 260 3805 nominihus
282 3752 404 3820 propter
429 3752 556 3805 naturae
574 3748 735 3820 utriusque
755 3749 999 3808 connexionem‘
1043 3749 1143 3824 Argu·

25 3836 133 3892 mento
156 3830 309 3906 estquod
332 3848 401 3891 curu
425 3838 552 3892 naturae
575 3834 677 3892 animo
701 3839 730 3892 et
749 3835 931 3910 cogitatione
950 3833 1144 3908 distinguun-

25 3923 95 3988 tur,
132 3916 222 3977 simui
251 3932 373 3992 quoque
403 3919 526 3977 nomino
559 3918 742 3978 dividuntur.
804 3918 869 3979 Hoc
899 3926 961 3993 est,
997 3918 1143 3994 quamdiu

26 4002 181 4065 Christum
200 4019 292 4062 unam
313 4005 528 4079 contemplaris
547 4006 767 4078 substantiam,
791 4007 946 4065 nominum
971 4005 1142 4065 secuudum

24 4090 283 4169 permutationem
314 4090 487 4150 coniunctio
517 4090 671 4150 individua
695 4096 757 4162 est,
789 4093 839 4150 nhi
862 4098 963 4151 mrtem
988 4092 1142 4159 intellectu

25 4175 286 4237 discriminaveris
308 4181 435 4237 naturas
455 4192 534 4251 qrrae
553 4176 663 4235 Christi
687 4180 876 4238 substantiae
898 4179 1045 4237 unitatem
1069 4195 1141 4238 cou-

26 4266 202 4334 summaut,
225 4278 285 4321 una
309 4277 377 4322 cum
400 4264 516 4322 naturis
536 4265 659 4323 nomina
680 4279 802 4339 quoque
821 4264 1058 4333 discriminabis;
1089 4272 1143 4325 aut

25 4363 157 4423 rursus,
192 4364 261 4408 cum
293 4346 433 4410 Christus
470 4349 583 4424 duplex
618 4355 730 4411 natura
758 4351 812 4421 sit,
846 4356 1009 4426 utrumque
1037 4352 1076 4412 de
1105 4366 1141 4413 ea
