2768 4784
252 194 324 272 152

250 377 417 454 εῦτάκτους
444 370 526 442 εἰναι
556 383 610 442 καὶ
639 372 781 486 εῦλαβεῖς
803 376 876 453 τοῦς
896 382 1034 482 θρασεῖς
1054 381 1108 442 καὶ
1131 372 1305 455 οἰτάκτονςτ-

249 469 405 553 μηδεμίαν
431 462 519 538 τάξιν
548 459 689 572 εἰδότας,
723 459 852 538 οἰδενδς
878 466 953 547 μὲν,
985 462 1126 572 μάλιστα
1155 466 1191 529 δὲ
1213 466 1271 543 τῆς
1310 458 1318 535 s
1375 468 1378 539 j

250 556 332 616 θεοῦ
367 553 549 629 διαλέξεως,
587 545 667 614 ιίλλιί
694 547 797 614 πάντα
816 553 990 637 τολμηρῶς
1017 545 1166 629 ἀλλήλοις
1192 575 1239 614 πα
1310 542 1323 559 ”’
1375 544 1378 609 ἱ

250 636 288 702 τδι
311 640 464 703 διεστῶτα
488 633 646 741 φῦροντάς
667 660 699 700 τε
721 641 775 699 καὶ
798 640 989 748 συγχέοντας
1011 635 1177 712 διδάξειεν
1229 636 1274 701 Εἰ
1375 708 1378 715 ,

250 727 312 791 τῶν,
340 719 396 788 οῦκ
426 721 563 807 ἐχόντων
592 722 701 830 φῦσιν
712 721 798 804 ἐστὶ,
827 728 881 788 καὶ
904 721 958 788 διὰ
977 726 1070 788 τοῦτο
1094 715 1167 787 οῦδὲ
1189 720 1323 833 τάξιν,.’
1357 738 1364 749 ’

250 834 282 874 τε
304 807 407 885 ίίνθος
428 807 461 874 έν
481 811 614 895 χειμιῦνι
632 802 812 919 δρώμενον,
846 813 900 875 καὶ
917 812 1046 922 γυναιξὶ
1067 808 1190 893 κόσμος
1212 805 1274 874 ανδ
1292 806 1297 813 ’
1325 808 1328 815 '
1366 806 1378 883 5

250 895 509 980 ἐπιβεβλημένος,
541 901 595 961 καί
624 892 770 1004 ιίνδράσι
787 906 982 981 γυναικεῖος,
1018 901 1072 961 καὶ
1100 899 1215 961 πένθει

248 986 345 1068 μένην
371 988 565 1067 γεωμετρίαν
593 985 696 1066 λέγειν
723 981 772 1063 (ιδ
794 987 853 1067 μέν
873 982 935 1092 γὰρ
958 993 1162 1087 καινοτομεῖ
1156 979 1222 1048 τόν
1242 902 1378 1145 ἓξ1

249 1074 303 1136 καὶ
332 1072 383 1148 τῆς
406 1070 491 1145 ἰδίας
512 1069 673 1145 ἐξίσταται
695 1072 832 1150 θέσεως,
867 1009 1202 1220 55555051505115
1225 1092 1323 1153 τηνφ

251 1181 304 1223 σιν
330 1153 480 1234 ἐναλλάξ,
511 1151 608 1265 ιίνδρί
632 1180 664 1220 τε
694 1160 748 1220 καὶ
775 1160 899 1240 γυναικὶ
928 1154 1191 1265 ἐπιφαινόμενος,
1224 1159 1279 1221 καί
1303 1150 1355 1239 ἀρ

250 1239 359 1320 αἰτοῖς
386 1245 567 1327 προςοῦσαν
595 1242 629 1308 έν
661 1240 789 1345 φῦσεως
817 1241 906 1318 τάξιν
934 1241 1109 1325 ἐξίστησιν,
1142 1238 1279 1322 55515
1297 1256 1378 1326 μη

249 1332 333 1409 δέπω
367 1328 578 1443 συνρπάρχειν
610 1325 760 1408 άλληλοις
791 1328 964 1413 δυνάμενα,
998 1326 1102 1434 χαράν
1134 1331 1170 1394 τέ
1196 1348 1291 1439 φημι·

248 1420 385 1494 πένθος,
410 1415 455 1493 εἰς
476 1417 511 1481 ’ἐν
532 1411 662 1524 άγαγειν
680 1417 757 1499 βιαζ
755 1418 849 1500 ομένη
862 1415 961 1519 φάρει
978 1414 1103 1492 πάντως
1119 1420 1174 1481 καὶ
1189 1414 1336 1527 οἰφανιΙΙ

251 1501 291 1568 ου’
293 1506 426 1606 πολλῷ
446 1497 607 1609 μῦιλλονι
590 1526 608 1567 ο
630 1508 704 1611 περὶ
726 1505 809 1567 θεοῦ
829 1497 994 1610 λόγος,
970 1527 1013 1578 ως
1033 1501 1123 1613 ἔτυχε
1145 1507 1199 1567 καί
1221 1498 1283 1566 ῦπδ

250 1587 414 1698 τυχόντος,
444 1594 498 1653 καὶ
527 1583 618 1667 ἧνίκα
646 1594 700 1653 καὶ
732 1580 771 1653 οῦ
797 1586 839 1670 μῆ
869 1587 1054 1668 καθῆκον”
1035 1613 1081 1654 ετι
1103 1587 1311 1682 προφερόμεν

249 1671 401 1754 οἰειδῆς’
382 1698 473 1740 εσται
500 1679 554 1739 καὶ
583 1670 741 1784 άπρεπῆς,
771 1679 825 1741 καὶ
857 1669 929 1740 οῦδ’
960 1675 1042 1750 δ’λως
1062 1671 1265 1755 ἀκουσθῆναι
1280 1602 1378 1825 πὶἑ

157 1807 159 1810 <
249 1764 331 1827 θεοῦ
358 1758 464 1839 ἄξιος,
499 1756 546 1845 ἐφ’
576 1751 615 1826 05
631 1764 762 1872 μᾶλλον
792 1765 950 1827 τοσοῦτον
970 1764 1097 1827 τιθέναι
1118 1764 1186 1827 δεῖν
1208 1755 1300 1846 οἰμοι

250 1845 399 1934 εῦκαιρον
429 1844 502 1923 τοῦς
530 1851 603 1912 νοῦν
630 1847 777 1934 ἔχοντας,
811 1847 888 1914 ὅσον
909 1845 1038 1913 πάντων
1059 1843 1257 1932 οἰσυγκρίτως
1276 1872 1301 1911 π

248 1937 463 2038 βεβλημένων,
485 1936 599 2000 πένθει
621 1936 657 1998 δὲ
678 1939 886 2044 γεωμετρίαν
893 1930 1097 2020 ἀνάρμοστόν
1118 1958 1216 2044 φησιν
1234 1931 1253 2000 5
1241 1868 1353 1999 ‘5155

250 2026 379 2097 σκαλος.
425 2011 464 2084 ‘0
492 2023 528 2085 55
552 2018 727 2105 μῦλλον’
705 2030 842 2130 απορείν
871 2016 951 2107 ῦμῦς
972 2026 1161 2104 πεποίηκεν,
1192 2017 1234 2097 εἰς
1256 2013 1378 2106 οἰμαῖ.

250 2106 329 2174 κατὰ
352 2105 494 2184 τοιοῦςδε
511 2106 671 2212 τρόπους,
700 2104 718 2186 5
742 2106 791 2173 δ’τι
814 2131 874 2193 περ
898 2108 933 2173 οἰ
951 2105 1059 2213 χώρας
1081 2105 1166 2184 τινός
1187 2107 1242 2172 διδι
1265 2066 1378 2213 otoo-5

251 2197 394 2273 τιωτικῆς
420 2192 630 2278 κρατήσαντες
652 2190 763 2299 χειρός
783 2199 959 2307 γεωμετρίρ
980 2193 1093 2274 τοῦτην
1114 2194 1378 2279 καταδιαιροῦτ·

89 2306 246 2385 οιιόιεει
238 2306 320 2363 ται,
348 2276 439 2390 ἧνίκφ
464 2286 631 2365 βασιλείας
650 2277 744 2387 νόμῳ
772 2291 899 2385 κρατεῖν
917 2281 924 2368 Ι
943 2281 1098 2391 ἐθέλωσι,
1124 2284 1226 2367 χαράς
1248 2284 1284 2346 δὲ
1304 2280 1378 2346 καί

250 2371 357 2478 χρῆμα
385 2371 560 2479 μέγιστον,
580 2370 698 2474 χριρῦις,
726 2377 794 2444 τοῖς
812 2367 898 2479 μόνα
920 2367 957 2432 τά
980 2366 1122 2453 παρόντα
1141 2366 1378 2452 μεταδιώκει·

252 2480 304 2521 σιν
332 2451 457 2537 ιίγαθδ,
494 2459 547 2520 καὶ
576 2451 612 2519 τό
642 2450 768 2566 νικητάς
796 2451 907 2531 αῦτοῦς
935 2458 1103 2543 γενέσθαι,
1138 2460 1192 2520 κοιλ
1219 2426 1378 2564 55051555

250 2538 378 2649 άθρόον
406 2539 605 2619 κτήσασθαι,
635 2535 701 2617 οἷς
714 2539 749 2606 τό
774 2539 904 2606 οίονοῦν
923 2536 1046 2617 πένθος
1068 2550 1208 2608 συνεῖναι
1230 2536 1352 2627 οἰμῆχωε

251 2650 322 2693 νον·
358 2625 376 2706 5
406 2626 514 2706 ἐπειδή
542 2651 642 2712 φασιν
672 2628 706 2692 05
734 2633 807 2738 περὶ
830 2631 927 2692 ταῦτα
949 2633 1049 2694 δεινοὶ
1073 2625 1145 2704 τοίς
1166 2623 1353 2731 α’ναγκαστι·

251 2713 326 2788 κοῦς
353 2713 443 2788 ἰδίως
471 2713 704 2824 συλλογισμοὺς
730 2711 875 2823 άνῆφθαι
909 2719 946 2794 τῆ
976 2720 1168 2824 γεωμετρίᾳ,
1205 2706 1357 2800 φορτικός

251 2825 299 2875 τις
326 2798 457 2874 εἰκότως
484 2795 686 2884 όφθησεται,
719 2807 773 2866 καὶ
803 2799 840 2866 τδ
871 2783 1082 2881 καθῆκον
1033 2828 1084 2904 μη
1115 2804 1274 2885 συνορῶν,
1301 2794 1353 2865 τόν

251 2889 432 2951 πενθοῦντα
459 2886 724 2995 συλλογιζόμενος
745 2892 798 2952 καὶ
820 2882 943 2996 άλόγως
965 2883 1063 2952 αῦτδν
1083 2890 1266 2953 πενθοῦντα
1288 2888 1351 2952 δεί-

252 2975 304 3049 ξαι
332 2970 542 3059 πειρώμενος
579 2971 598 3053 5
627 2972 722 3061 τυχόν
750 2979 804 3040 καὶ
832 2970 919 3063 αῦτηῦ
945 2978 990 3062 τῷ
1017 2977 1190 3039 πενθοῦντι
1213 2974 1290 3081 φαίη
1311 2990 1378 3047 τις·

250 3054 455 3143 ἀνάρμοστον
473 3055 607 3125 εἰναι
574 3086 609 3125 το
630 3038 907 3171 συλλογίζεσθαι,
915 3037 1109 3172 πιθανότητι
1127 3057 1260 3171 λόγων
1246 3053 1353 3125 εαυτδτ

249 3145 486 3254 μηχαιιόμενος
503 3143 675 3214 πείθειν
653 3173 696 3224 ως
717 3143 755 3213 οῦ
776 3150 921 3213 πέπονθε
943 3146 997 3227 ιίην
1018 3145 1101 3252 ἔργῳ
1123 3151 1177 3212 καὶ
1196 3144 1354 3255 πράγματι

251 3236 418 3317 συμβᾶσαν
448 3227 532 3321 αῦτῷ
554 3232 740 3344 συμφορὰν,
776 3231 795 3313 5
817 3238 871 3299 καί
893 3229 979 3323 αῦτρῦ
1001 3237 1046 3320 τῷ
1067 3232 1244 3338 πένθει,’
1230 3257 1300 3313 ητοι
1321 3228 1354 3319 τῇ

251 3319 362 3426 τρίτου
391 3319 501 3428 φύσει,
534 3320 735 3398 παντελοῦς
722 3325 874 3385 εναντίον.
934 3297 1143 3430 Ἰἰκκροῦεται
1164 3315 1226 3428 γάρ
1256 3317 1378 3400 ὥςπερ,

252 3405 286 3472 τδ
310 3402 477 3483 πένθος
460 3434 478 3472 ο
506 3411 635 3473 πενθιῦν
662 3405 940 3514 συλλογιζόμενος,
980 3408 1062 3472 οῦτω
1090 3410 1145 3472 καὶ
1173 3403 1209 3471 τό
1237 3407 1378 3477 πένθος

251 3496 308 3557 τοῦ
330 3487 412 3558 εἰναι
434 3494 589 3570 πένθος
575 3498 736 3572 εκπίπτει,
760 3491 843 3574 πρός
864 3492 1080 3604 συλλογισμόν
1100 3494 1352 3593 μετατιθέμενος.

247 3575 438 3684 Ἀποβαλοίυ
458 3579 520 3685 γάρ
544 3606 591 3657 τις
613 3579 668 3646 τόν
690 3581 736 3657 εἰς
759 3576 796 3646 δν
817 3578 873 3656 τάς
895 3573 1075 3655 ἔλπίδας’
1045 3604 1110 3664 ειχε
1129 3581 1182 3658 τῆς
1200 3577 1378 3683 διαδοχῆς,

250 3663 390 3773 περιττά
412 3663 572 3770 λοιπόν
557 3677 678 3777 ηγεΐται
706 3665 744 3731 τά
774 3668 846 3754 τῇδε
874 3664 987 3732 πάντα.
1044 3668 1111 3730 Καὶ
1139 3660 1218 3772 κατά
1247 3667 1378 3765 τοῦτοεί·

251 3751 329 3828 ἴσως
356 3750 412 3818 τόν
440 3751 561 3861 τρόπον
589 3749 645 3819 οῦκ
673 3752 733 3828 ἔξω
759 3733 858 3835 λόγον
888 3757 980 3860 φαίη
996 3777 1043 3828 τις
1068 3745 1211 3816 εἰναι
1174 3776 1211 3814 τα
1194 3755 1352 3859 θεωρη·

251 3841 348 3946 θέντα
357 3838 483 3922 ,γνοδς
502 3835 544 3921 μὴ
568 3839 730 3906 δυ’νασθαι
755 3844 939 3947 συμβαίνειν
961 3833 1111 3917 άλλήλοις
1128 3833 1207 3902 κατὰ
1226 3861 1263 3901 το
1282 3855 1351 3902 αντα

251 3922 306 4002 τὴν
326 3923 438 4032 χαράν
451 3930 505 3990 καὶ
526 3924 562 3990 τδ
585 3929 723 4034 πένθος,
746 3930 798 4005 τῆς
819 3923 969 4006 εκατέρου
989 3927 1153 4004 ποιητικῆς
1175 3922 1282 4000 αἰτίας
1303 3914 1353 3988 οἰκ

253 4008 286 4073 ἐκ
309 4016 371 4074 τῶν
400 4006 502 4076 αἰτῶν
530 4007 637 4121 ιίρχιῦν
666 4010 799 4120 έχοῦσης
827 4009 974 4121 δηλονότι
1001 4007 1057 4086 τδς
1083 4006 1243 4095 ἀφορμάς.
1295 4007 1353 4083 Καὶ

88 4114 171 4163 ⁰⁵05·
182 4112 244 4150 Areo·
232 4094 371 4160 -τοίτων
399 4097 516 4182 μάρτυς
546 4097 694 4209 ἐχέγγυος
722 4094 739 4163 5
768 4099 860 4180 όίγιος
888 4102 942 4162 καὶ
970 4096 1125 4209 θεόφρων
1145 4082 1353 4171 Διονῦσιοςδ

86 4177 128 4256 ¹55⁸
129 4163 492 4291 άίηἰάιῖιἎρεοπαγίτης,
526 4181 642 4251 οῦτωσῐ
673 4182 798 4261 διεξιών
819 4189 893 4266 περὶ
916 4186 970 4262 τῆς
990 4181 1154 4290 α’γ-γελικῇς
1174 4181 1355 4267 εἰκονογρε·

88 4261 345 4376 Ρ·Ρ15Ρ··Ῑ3“φρξας·
378 4267 427 4333 Τιί
450 4273 485 4335 δὲ
505 4268 699 4383 γεωμετρικά
722 4276 776 4337 καὶ
798 4266 961 4337 τεκτονικά
982 4268 1093 4353 σκεάη,
1115 4266 1151 4334 τό
1171 4273 1355 4354 θεμελιωτι·

87 4297 288 4415 ἰίάνίἰοοῃ
252 4377 311 4421 κον
331 4358 385 4425 καὶ
409 4354 629 4442 οἰκοδομικόν
639 4363 693 4424 καί
714 4354 931 4438 τελειωτικδν,
951 4361 1006 4424 καὶ
1024 4356 1087 4425 ὅσα
1108 4353 1190 4423 άλλα
1211 4358 1268 4436 τῆς
1284 4351 1357 4424 άντ-
