2752 4778
1181 234 1254 314 181

124 370 302 496 iocinoris
311 415 418 495 fibram
441 417 479 480 de
502 417 611 479 hostiis
634 419 742 480 iubens
764 421 915 500 praecidi,
938 422 1024 500 ipsas
1046 423 1184 486 nimirum
1203 442 1257 502 ge-

125 498 292 583 malas
298 502 473 582 nostrarum
482 506 680 582 passionum
709 513 895 585 potestates,
925 508 1165 587 indignationem
1189 511 1257 573 dico

130 593 196 668 ιι
191 571 503 690 concupiscentiam,
531 606 613 667 quae
641 609 715 654 vera
742 600 790 655 est
817 596 982 656 materialis
1012 596 1104 672 dyas,
1136 614 1257 658 earum·

128 690 224 755 qQ
236 676 319 763 viras
340 670 465 756 activas
492 692 562 741 esse
590 680 813 755 praecidendas
843 688 874 743 et
903 683 1125 743 comburendas
1155 684 1257 745 divino

128 762 225 847 igni·
232 750 401 854 potestatis.
420 765 567 842 mysticae
585 781 643 841 per
664 769 885 870 cognitionem,
920 771 1169 844 concupiscentia
1191 773 1258 847 qui-

130 838 222 931 detta
241 846 305 928 ιιιι
299 866 435 925 renes,
465 851 565 927 activo
593 868 666 913 vero
696 855 762 914 eius
791 856 820 914 ιι
849 853 908 915 boc
931 861 978 914 est
1001 856 1171 932 voluptate,
1204 874 1258 934 per

130 916 339 1036 pinguedinis
362 941 496 1015 partes,
511 938 576 997 sive
599 938 735 1014 adipem,
766 940 975 1018 indignatione
997 959 1051 1017 per
1071 951 1197 1018 pectus,
1227 949 1258 1005 ei

135 1022 248 1101 actiae
274 1022 342 1097 eius
371 1023 400 1083 ιι
430 1039 484 1099 per
506 1023 641 1101 libram
634 1026 792 1102 recinoris,
824 1042 892 1088 cum
914 1042 974 1103 quo
996 1044 1103 1091 amara
1125 1036 1156 1092 ct
1178 1031 1256 1091 acris

136 1094 226 1169 bilis
237 1090 399 1188 cohaeret
404 1094 615 1190 significatis.

136 1312 416 1495 Coptemplatio
448 1314 613 1392 brevis
602 1342 643 1393 ιιι
677 1316 863 1393 diversam
899 1316 1102 1393 secundum
1134 1316 1257 1418 legem

210 1443 338 1523 eptem

211 1568 316 1657 Hoc
343 1585 451 1633 rursus
479 1572 572 1632 etiam
602 1572 633 1630 in
662 1570 730 1633 loco
754 1572 792 1632 de
813 1571 900 1648 lepra
922 1572 1076 1647 sapienter
1097 1587 1151 1648 per
1174 1589 1256 1676 sym-

131 1598 301 1733 bollcus'
293 1652 444 1736 imagines
480 1656 653 1735 significare
689 1659 832 1733 arbitror,
868 1659 973 1735 leprae
1006 1657 1233 1720 allectionem
1225 1677 1256 1720 ιιι

137 1738 294 1824 quattuor
314 1758 431 1823 genera
460 1743 619 1816 discernit,
651 1744 682 1803 in
713 1743 815 1804 album
844 1750 874 1805 ei
901 1744 997 1804 uiride
1026 1750 1057 1804 et
1078 1746 1202 1806 rubrum
1226 1752 1257 1808 et

133 1836 285 1905 caecum,
310 1845 382 1909 per
397 1845 478 1904 qnae
506 1831 807 1906 concupiscentivum
830 1835 861 1890 et
881 1831 1104 1908 indignativum
1128 1834 1159 1891 ιιι
1183 1849 1256 1910 spe-

131 1911 205 1981 soles
234 1931 321 1980 suas
338 1914 438 1977 divisa
466 1917 683 1991 ostenduntur,
715 1918 964 2003 concupiscentie
993 1918 1114 1991 quidem
1137 1935 1191 1995 per
1212 1919 1256 1980 al·

138 1992 231 2081 bum,
261 2005 293 2063 et
317 1990 451 2081 uiride
443 2018 475 2063 ιιι
505 2003 693 2081 voluptatem
722 2009 753 2065 et
783 2000 916 2064 d'olorem
945 1997 1156 2081 indignatione
1183 2021 1255 2065 vero

135 2088 196 2171 par
218 2090 342 2151 rubrum
365 2093 396 2151 ct
417 2104 543 2151 caecum
566 2091 596 2149 in
620 2089 697 2151 iram
716 2095 746 2151 et
764 2090 1014 2163 succensionem,
1039 2090 1255 2166 occultamque

139 2170 355 2247 simulationis
368 2174 516 2237 malitiam
539 2175 680 2240 discreta.
733 2175 816 2238 llaec
838 2177 918 2235 enim
942 2176 1084 2255 primario
1107 2182 1180 2237 sunt
1201 2194 1256 2254 ge·

140 2278 226 2351 tiara
236 2276 360 2337 earum,
388 2266 422 2324 ut
443 2262 564 2336 dicuni,
594 2262 791 2324 affectionum
814 2268 845 2324 et
867 2262 1000 2322 omnium
1026 2262 1255 2338 principaliores

139 2330 363 2436 indignationis
384 2354 416 2412 et
433 2349 699 2426 concupiscentiae
718 2350 898 2426 progenies,
928 2350 1036 2424 quibus
1055 2364 1134 2425 quae
1153 2351 1256 2411 anima

139 2431 365 2514 comprehensa
395 2444 486 2523 atque
514 2436 642 2507 iniecta,
671 2437 818 2511 quamdiu
847 2437 885 2496 ab
915 2436 960 2494 eis
988 2435 1202 2514 compungitur
1224 2438 1254 2497 iu

140 2522 265 2585 divinae
286 2519 480 2601 phalangis
474 2539 602 2584 numero
625 2525 745 2584 censeri
767 2538 829 2582 non
853 2525 963 2599 potest.

134 2718 442 2855 ,Goniemplatio
431 2744 473 2795 m
490 2716 667 2812 Phineas,
696 2731 732 2795 et
752 2722 816 2820 qui
836 2720 883 2796 ab
902 2745 944 2795 eo
963 2721 1018 2795 int
1002 2720 1145 2796 terfecti
1160 2729 1255 2795 sunt

134 2911 184 2923 -----
191 2870 315 2934 *Hoc
340 2871 432 2932 etiam
460 2869 671 2931 admirabilem
699 2871 784 2932 illum
807 2871 936 2932 Phineos
959 2871 1026 2930 zelo
1053 2887 1112 2932 suo
1141 2871 1258 2950 signiti-

131 2976 221 3031 'aare
239 2959 391 3021 arbitror.
428 2955 658 3018 Madianitidem
687 2960 768 3018 euim
791 2975 853 3020 una
877 2974 947 3019 cum
970 2955 1108 3017 israelita
1130 2960 1258 3035 mystice

139 3045 244 3111 laculo
262 3042 471 3121 transfigens,
494 3045 653 3105 materiam
676 3061 739 3105 uno
761 3061 830 3106 cum
852 3044 965 3119 forma,
989 3049 1020 3103 et
1038 3047 1258 3120 concupiscen-

140 3136 217 3196 tiam
243 3147 307 3193 uua
334 3146 404 3192 cum
433 3130 660 3207 indignatione,
689 3136 720 3192 et
749 3131 954 3209 alienigenam
985 3129 1170 3231 voluptatem
1193 3146 1257 3191 una

141 3237 215 3283 cum
245 3217 443 3296 cogitatione
457 3215 569 3301 affectu
597 3218 712 3279 irretita
735 3233 790 3294 per
811 3217 961 3295 pontificis
984 3217 1111 3275 rationis
1132 3217 1192 3274 uim
1216 3217 1258 3276 sl-

141 3305 225 3373 mul
235 3300 437 3369 excutiendas
466 3296 589 3381 omnino
617 3319 656 3363 ex
686 3305 789 3364 anima
822 3319 894 3363 esse
926 3301 1082 3362 indicavit.
1149 3299 1258 3362 Forma

141 3392 235 3457 euim
254 3389 315 3463 ιιι
323 3374 482 3458 materiam
512 3389 645 3466 applicat
667 3390 809 3464 modum,
839 3395 870 3450 et
891 3388 1060 3465 indignatio
1083 3387 1122 3447 ad
1144 3404 1258 3449 coucu-

140 3462 342 3561 piscentiam,
377 3474 650 3554 appropinquando
672 3492 870 3538 commovens
893 3490 973 3550 quae
995 3490 1049 3550 per
1072 3489 1107 3534 se
1128 3475 1258 3535 inmobi-

141 3566 183 3628 lis
204 3568 269 3637 est,
291 3567 330 3625 et
344 3564 487 3642 cogitatio
509 3562 549 3623 ad
571 3563 775 3640 voluptutem,
806 3564 854 3623 eui
875 3560 1004 3621 formam
1025 3560 1165 3636 praebet,
1188 3576 1257 3622 cum

142 3651 224 3721 alias
255 3650 352 3713 forma
385 3665 423 3711 ac
453 3650 556 3726 specie
585 3650 755 3710 secundum
785 3648 938 3725 propriam
967 3649 1115 3707 rationem
1144 3651 1258 3707 careat.

143 3737 263 3801 lndlcat
283 3735 343 3799 boc
366 3736 414 3796 vel
436 3737 506 3812 ipsa
523 3737 680 3797 nominum
698 3738 745 3796 vis
764 3742 794 3795 at
814 3735 1004 3812 significatio.
1048 3732 1159 3793 Chosol
1177 3733 1258 3793 enim

143 3822 319 3892 madianitis
341 3822 393 3882 illa
416 3821 601 3900 appellatur,
632 3823 715 3898 quod
737 3828 803 3896 est,
826 3821 967 3881 titillatio
990 3821 1065 3894 mei,
1089 3823 1120 3879 et
1139 3818 1259 3880 zambri

144 3909 301 3986 Israelita,
337 3907 419 3984 quod
448 3914 511 3983 cst,
545 3911 704 3971 Canticum
734 3907 810 3981 mei,
831 3907 872 3966 -id
903 3912 951 3967 est
980 3904 1110 3967 elevatio
1138 3906 1197 3965 mel
1216 3907 1257 3968 Ιιιι

144 3992 284 4061 sublima.
349 3995 423 4057 Cum
459 3996 552 4074 igitur
587 3997 722 4056 divinam
755 3993 983 4056 meditationem
1012 3998 1042 4053 ei
1069 3992 1258 4054 intuitionem

145 4087 290 4153 aversata
318 4083 439 4145 animae
468 4098 542 4159 pars
571 4083 745 4156 rationalis,
779 4083 843 4141 sive
872 4076 1073 4161 λογιστικόν,
1106 4084 1200 4154 atque
1227 4076 1258 4139 ιιι

146 4170 279 4239 sublime
306 4173 413 4231 evecta
442 4185 510 4231 cum
540 4171 689 4230 materiali
720 4167 892 4230 titillatione
922 4167 982 4227 coit
1007 4169 1038 4225 in
1067 4169 1184 4243 peccati
1210 4181 1259 4226 ar·

116 4419 118 4424 '
147 4412 173 4464 2.
193 4402 274 4478 ἆσμα
293 4407 352 4462 eod.
372 4407 438 4461 Gud.
