2752 4778
232 212 306 290 ³30

228 389 307 458 Ουτε
334 391 393 478 γὰρ
424 388 460 475 ήν
487 423 565 463 ποτε
595 395 740 462 καθόλου
768 423 816 473 τις
843 396 951 501 φῦσις
967 394 999 460 έν
1028 405 1098 471 ιοῖς
1128 386 1245 477 οῦσιν,
1275 393 1331 461 οῦτε

229 479 330 560 ἔστιν,
370 480 441 547 οῦτε
468 484 558 550 ἔσται
586 481 663 547 κατὰ
692 481 747 549 τόν
775 483 885 563 έαντής
911 478 1054 588 λόγονι
1040 479 1239 590 υπάρχουσα
1265 481 1332 565 ὅπερ

68 590 109 629 σοι
131 587 220 633 nm
229 568 283 631 νῦν
311 561 369 631 οῦκ
397 567 498 678 ἔστιν,
536 569 608 636 ου’τε
635 569 697 652 μὴν
715 569 729 682 Ι
753 575 808 634 νῦν
839 562 976 636 ἐστιν’
958 595 975 648 η
1009 567 1096 644 ές“
1076 591 1250 673 νστερον
1255 567 1333 635 έσιαι

229 651 309 735 ὅπερ
339 650 395 720 οῦκ
399 647 458 764 ήν
486 653 654 762 πρότερον.
715 652 770 720 Ὧν
800 654 876 760 γὰρ
891 654 927 721 οἱ
952 652 1045 763 λόγοι
1075 653 1171 737 παραὶ
1203 658 1250 765 τῶ
1277 659 1334 741 θεῶ

229 737 295 842 ἅμα
317 744 361 825 τῷ
382 733 463 806 εἶναι
486 739 522 807 τό
546 741 705 809 τέλειον’
686 766 797 852 εσχον,
819 740 937 809 τοῦτων
958 737 975 819 6
998 738 1077 806 κατὰ
1102 739 1183 816 τοῦς
1206 718 1334 817 ολκείους

229 801 351 907 λόγους
376 827 547 937 παραγωγή
580 836 635 894 καλ
671 827 822 903 οῦσίωσις
855 825 1036 938 προςθήκης
1067 825 1181 906 πόσης
1209 833 1267 892 καὶ
1293 825 1335 892 ἒλ·

229 917 363 1020 λείιμεως
394 916 447 992 τῆς
480 913 563 998 πρός
597 913 633 979 τό
668 909 751 980 εἶναι
785 914 865 998 ὅπερ
898 912 974 980 όντα
1001 912 1153 1018 τυγχάνει
1184 917 1336 988 παντελῶς

230 996 315 1062 ἔστιν
336 994 546 1077 ἀνεπίδεκτος.
591 998 673 1065 Ἀλλ’
702 998 810 1085 ἀρκεῖν
826 994 931 1107 οἶμαι
958 997 1037 1064 κατὰ
1067 995 1124 1077 τήν
1156 1003 1219 1064 τοῦ
1247 999 1336 1105 λόγον

228 1086 424 1166 παρέκβασιν
452 1092 504 1152 καὶ
514 1085 615 1194 πρός
643 1086 772 1163 τούτους
800 1084 837 1150 τά
865 1091 919 1151 νῦν
941 1081 1105 1194 ῥηθέντα,
1129 1084 1220 1169 πρός
1242 1087 1280 1153 τό
1300 1084 1335 1169 μή

227 1169 475 1254 παρασύρεσθαι
507 1169 625 1260 ῥηιδίως
653 1175 699 1249 εἷς
728 1169 867 1248 ἀτόπους
895 1171 990 1248 δόξας
1007 1170 1106 1275 παρό
1138 1177 1209 1237 τῶν
1235 1178 1336 1239 πίστιν

226 1257 483 1367 ποιουμένων
453 1285 505 1338 την
533 1260 566 1324 ἐν
594 1270 663 1336 ταῖς
690 1265 862 1344 κομψείαις
889 1262 950 1323 τῶν
977 1253 1081 1340 λόγων
1108 1255 1264 1343 τεχνικήν
1289 1284 1336 1323 πι-

226 1341 397 1424 θανότητα

226 1529 298 1605 Διά
320 1528 357 1603 τί
379 1536 522 1627 συνῆψε
542 1537 588 1626 τῇ
612 1526 794 1627 σαρκῶσει
813 1527 882 1626 τήν
907 1531 947 1602 ἐκ
966 1527 1305 1624 βαπτίσματος’
1261 1558 1334 1631 γεν-

277 1657 384 1727 νησιν
408 1663 427 1704 ο
414 1630 679 1716 διδάσκαλος.

332 1783 423 1865 Πρδς
451 1791 483 1848 τί
511 1789 545 1850 δὲ
565 1788 690 1869 βλέπων
711 1791 765 1851 καὶ
788 1791 874 1861 τίνος
897 1786 998 1851 ένεκεν
1020 1788 1056 1876 τῇ
1079 1784 1250 1869 σαρκῶσει
1273 1811 1336 1853 συν

227 1874 288 1952 ήιμε
315 1869 369 1949 τήν
397 1869 431 1934 ἐκ
458 1877 680 1954 βαπτίσματος
708 1876 851 1955 γέννησιν
878 1869 896 1936 6
920 1853 1114 1948 διδόσκέιλος
1147 1875 1261 1953 (τοῦτο
1283 1870 1335 1957 γὰρ

226 1958 272 2032 εἰς
297 1954 352 2036 τήν
379 1954 567 2032 ἐξέτασιν”
548 1983 595 2023 ετι
624 1962 681 2024 τοῦ
708 1961 916 2066 προκειμένου
938 1964 1081 2023 λείπεται
1103 1956 1237 2041 λόγου),
1270 1984 1335 2026 συν·

225 2042 331 2125 τόμως
358 2039 400 2119 ῶς
427 2042 594 2126 ε’μαθον’
580 2048 644 2129 ερῶ
672 2044 749 2109 κατὰ
781 2043 925 2154 δῦναμιν.
990 2049 1097 2109 (δυσὶν
1127 2045 1165 2110 06
1194 2044 1235 2109 τά
1267 2051 1335 2111 θεία

224 2127 383 2242 μυστικῶς
403 2133 606 2214 περιέποντες
627 2130 736 2212 λόγια,
764 2137 818 2196 καὶ
841 2142 909 2206 τοῖς
913 2125 1214 2242 ῦμηλοτέροις,
1183 2157 1227 2208 ως
1247 2128 1335 2212 εἰκός,

226 2213 304 2281 αῦτά
333 2215 535 2298 σεμνύνοντες
545 2217 766 2319 θεωρήμασι,
799 2213 864 2283 κατ’
894 2217 1001 2282 εἰκονα
1030 2220 1113 2282 θεοῦ
1142 2214 1214 2282 κατ
1243 2214 1336 2323 ἀργὰς

227 2305 416 2412 γεγενήσθαι
445 2301 500 2367 τόν
514 2299 722 2405 ἀνθρωπον,
752 2305 804 2367 ἐπὶ
832 2307 878 2390 τῷ
897 2300 1022 2379 πόντως
1041 2307 1242 2415 γεννηθῆναι
1263 2303 1333 2371 καιδ

227 2395 417 2494 προαίρεσιν
444 2388 615 2472 πνεῦματι,
649 2395 702 2454 καὶ
690 2368 922 2561 προςλαβείν
943 2387 980 2453 τό
1003 2384 1118 2453 καθΗ
1101 2395 1268 2472 ομοίωσιν
1287 2389 1332 2456 διδ

227 2477 280 2555 τής
307 2473 463 2578 τηρήσεως
490 2479 543 2554 τῆς
570 2474 700 2551 θείας
686 2499 755 2539 εντο
780 2500 815 2583 ης
836 2501 920 2539 αυτω
941 2473 1216 2580 προςγενόμενον,
1246 2467 1333 2586 ἵναή

143 2637 145 2643 ,
227 2559 244 2628 6
274 2557 369 2637 αῦτὸς
396 2558 569 2668 ἀνθρωπος
595 2561 728 2668 πλόσμα
756 2567 815 2644 μὲν
837 2565 895 2626 τοῦ
916 2565 997 2626 θεοῦ
1017 2558 1098 2626 κατὰ
1120 2560 1242 2672 φῦσιν,
1272 2559 1330 2635 νίδς

227 2652 261 2714 δὲ
289 2650 371 2712 θεοῦ
400 2653 454 2711 καὶ
482 2646 561 2723 θεός
588 2645 641 2712 διά
670 2647 848 2730 πνεύματος
874 2646 953 2712 κατὰ
980 2646 1085 2757 χάριν.
1138 2645 1188 2712 06
1214 2648 1276 2755 γὰρ
1300 2639 1328 2750 '6'

226 2733 359 2843 δῦνατον
386 2731 489 2808 ἄλλως
517 2732 585 2798 υἱόν
614 2731 848 2842 ἀποδειχθῆναι
876 2737 959 2798 θεοῦ
986 2738 1040 2798 καὶ
1067 2732 1152 2799 θεόν
1183 2733 1264 2800 κατά
1283 2730 1327 2812 τήν

227 2820 261 2885 ἐκ
288 2818 421 2902 χόριτος
447 2822 569 2885 θέωσιν
597 2818 651 2884 τόν
679 2818 848 2904 γενόμενον
876 2817 1068 2903 ἄνθρωπον,
1104 2819 1149 2902 μή
1180 2821 1327 2929 πρότερον

165 2942 166 2945 “
226 2905 304 2971 κατὰ
333 2910 524 2989 προαίρεσιν
538 2909 740 3014 γεννηθέντα
767 2911 812 2994 τῷ
824 2906 1009 3017 πνεῦματι,
1042 2902 1096 2970 διὰ
1125 2905 1185 2986 τήν
1207 2908 1327 2974 ἐνοῦσαι

226 2989 311 3079 6616
340 2995 480 3075 φυσικῶς
508 2988 712 3071 αῦτοκίνητον
739 2999 792 3056 καὶ
793 2971 993 3058 ἀδέσποτον
1015 2991 1161 3099 δύναμιν
1213 2995 1326 3058 ‘Ham

227 3056 387 3143 θεοποιόν
414 3083 468 3142 καὶ
495 3083 590 3143 θείαν
617 3084 671 3142 καὶ
694 3077 793 3142 ἀῦλον
814 3082 973 3187 γέννησιν,
1002 3077 1055 3143 διδι
1079 3076 1116 3143 τό
1140 3083 1326 3189 προτιμήσαι

227 3169 288 3230 τῶν
317 3167 497 3247 νοουμένων
523 3170 577 3229 καὶ
606 3161 730 3244 αδήλων
758 3169 834 3240 τέως
862 3161 994 3274 ἀγαθῶν
1022 3167 1058 3229 τὸ
1089 3162 1159 3231 κατ’
1186 3167 1326 3272 αἴσθησμ

228 3249 384 3355 τερπνόν
389 3257 443 3314 καὶ
472 3254 637 3332 ἐπίδηλον,
666 3247 897 3335 πιιραλιπῶν
880 3277 897 3316 ο
919 3254 1045 3358 πρῶτος
1066 3249 1263 3362 ἄνθρωπος,
1284 3250 1327 3330 τήν

227 3340 261 3403 ἐκ
291 3336 445 3422 σωμότων
474 3336 603 3412 εἰκότως
632 3333 848 3447 ἀπροαίρετον
876 3343 930 3402 καὶ
956 3333 1064 3416 ῦλικήν
1086 3343 1144 3405 καὶ
1168 3332 1326 3445 έπίκηρονλ

64 3443 112 3482 cod
125 3437 219 3484 ΗΜ
226 3424 311 3508 έχειν
338 3422 578 3499 καταδικάζεται
606 3427 814 3531 γέννησιν,α
795 3420 890 3500 ἀξίως
913 3430 1079 3507 κρίναντος
1101 3428 1161 3489 τοῦ
1184 3431 1266 3494 θεοῦ
1283 3420 1326 3488 τόν

227 3509 379 3584 ἑκουσίως
407 3513 468 3574 τῶν
495 3509 683 3592 κρειττόνων
712 3507 749 3573 τὰ
778 3519 910 3595 χείρονα
937 3508 1179 3618 προελόμενον,
1207 3511 1262 3592 τήν
1282 3510 1326 3595 έμ-

227 3601 319 3675 παθή
345 3601 400 3660 καὶ
428 3593 617 3701 δούληνκαὶ
640 3620 948 3705 κατηναγκασμενην,
980 3591 1096 3661 καθΗ
1078 3598 1261 3682 ομοιότήτα
1279 3599 1327 3662 τῶν

227 3683 280 3747 ἐπὶ
310 3686 364 3766 γῆς
389 3677 514 3789 ἀλόγων
542 3706 574 3746 τε
596 3687 650 3747 καὶ
671 3678 812 3760 ἀνοήτων
833 3685 948 3748 κτενῶν
968 3686 1113 3790 γέννησιν
1135 3687 1194 3764 τής
1216 3685 1326 3751 έλευθε·

227 3778 299 3854 ρίας
320 3774 374 3833 καὶ
396 3763 546 3842 ἀπαθοῦς
567 3773 620 3832 καὶ
644 3764 838 3850 αάθαιρέτου
860 3773 913 3833 καὶ
936 3767 1035 3876 ἀγνης
1053 3764 1253 3848 ἀνταλλάξαι
1273 3794 1325 3855 γεν-

227 3855 361 3935 νήσεως,
393 3858 447 3919 καὶ
476 3857 529 3932 τής
558 3853 615 3919 σῦν
644 3858 714 3941 θεῶ
742 3861 796 3919 καὶ
825 3858 919 3929 θείας
940 3860 993 3919 καὶ
1015 3851 1233 3936 ἀνεκλαλήτου
1255 3859 1326 3958 τιμής

228 3940 280 4019 τήν
306 3939 387 4049 μετὰ
415 3943 476 4003 τῶν
498 3937 639 4020 ἀνοήτων
661 3945 776 4006 κτενῶν
797 3937 912 4025 ἀτιμον
934 3936 1115 4022 ἀντιλαβεῖν
1138 3941 1325 4049 συμπαρενῦ·

227 4033 328 4105 λησιν.
373 4019 431 4102 Ης
460 4051 545 4102 τινος
573 4025 628 4091 τόν
657 4025 831 4111 ἄνθρωπον
859 4027 1074 4135 ἐλευθερῶσαι
1105 4035 1163 4094 καὶ
1186 4030 1268 4114 πρός
1285 4026 1326 4105 τήν

227 4119 322 4178 θείαν
358 4110 572 4196 εῦκληρίαν
559 4124 766 4197 επανιιγαγεῖν
793 4110 1034 4196 βουλόμενος
1017 4140 1034 4179 ο
1066 4114 1123 4194 τήν
1155 4116 1255 4200 φῦσιν
1279 4112 1326 4180 τῶν

227 4196 405 4282 ἀνθρώπων
427 4199 661 4284 δημιουργήσας
682 4199 794 4283 λόγος,
815 4198 990 4283 ἄνθρωπος
1010 4199 1044 4275 ἐξ
1064 4197 1253 4310 ἀνθρώπων
1268 4200 1366 4279 όλη

227 4289 296 4393 θῶς
313 4291 446 4394 γίνεταί
473 4311 505 4351 τε
531 4291 585 4350 καὶ
609 4287 752 4370 γεννᾶται
776 4290 963 4398 σωματικῶς
982 4290 1080 4372 γωρὶς
1106 4283 1268 4378 ἀμαρτίας
1285 4283 1323 4352 διδ

226 4371 284 4441 τόν
305 4369 498 4462 ἀνθρωπον,
528 4378 582 4439 καὶ
605 4371 864 4457 βαπτίζεται,
830 4399 884 4450 την
906 4373 953 4450 εἰς
975 4373 1149 4441 υἱοθεσίαν
1172 4398 1324 4461 πνευμσιι·
