2752 4778
1132 163 1235 267 τι

146 361 194 406 non
222 349 286 416 est3
307 358 395 405 nam
423 357 461 401 ex
491 344 642 402 sententia
671 342 761 403 huius
791 346 892 421 magni
922 349 1057 424 ruagistri
1087 349 1186 412 solnm
1209 351 1239 411 id

143 432 212 508 quod
230 430 325 491 'nullo
352 428 441 490 modo
464 434 590 489 estnec
613 431 818 505 operationem
843 431 933 492 habel
957 449 1012 495 nec
1033 436 1238 498 existentiam.

140 518 379 581 Manifestissime
416 516 506 592 igitur
541 514 629 576 docet
667 516 756 576 deum
791 518 980 579 incarnatum
1013 520 1086 580 nihil
1115 523 1239 585 omnino

139 605 257 666 humani
289 619 366 664 ase
396 600 530 662 alienum
559 601 772 674 existimasse,
801 609 920 678 praeter
948 613 1122 682 peecatum,
1158 610 1238 686 qnod

136 692 251 768 quidem
273 690 312 752 ad
336 692 475 750 naturam
498 703 558 748 non
583 689 768 764 pertinebat,
799 705 893 765 quare
916 707 973 752 neo
994 692 1146 755 hominem
1166 697 1239 758 sim-

133 771 245 854 pliciter
273 777 365 846 dixit,
395 775 450 834 sed
481 774 634 834 hominem
665 775 835 836 secundum
861 781 954 838 totam
977 781 1256 843 essentiamveon..

132 867 224 941 ceptis
254 865 357 925 verbis
386 857 567 938 designavit.
621 858 718 922 Huius
746 863 838 940 igitur
860 865 889 922 in
914 868 1113 940 sequentibus
1137 874 1167 929 et
1189 885 1239 930 es-

131 953 261 1012 sentiam
291 950 410 1026 proprie
431 955 462 1008 et
484 962 593 1008 nomen
617 953 687 1023 post
709 947 990 1012 inhumanationem
1013 955 1237 1031 progrediendo

130 1038 278 1114 explieat,
330 1034 405 1107 ,Nos
442 1051 513 1094 vero
549 1032 649 1093 lesum
684 1051 743 1094 non
778 1035 939 1097 delinimus
974 1055 1027 1114 ρετ
1063 1039 1238 1102 hominem‘

128 1124 232 1200 Neque
255 1124 335 1182 enim
359 1137 475 1181 merum
499 1120 650 1181 hominem
675 1137 746 1182 esse
768 1122 976 1199 decernimus,
1000 1127 1042 1186 ito
1060 1128 1139 1187 enim
1156 1129 1239 1190 sein·
1298 1123 1300 1126 ’
1336 1113 1351 1131 ”

129 1212 272 1271 daremus
294 1209 460 1281 unitatem,
485 1222 565 1282 quae
587 1205 772 1268 intellectum
796 1215 936 1285 superat,
961 1211 1015 1271 sed
1034 1212 1072 1272 de
1090 1213 1165 1285 deo,
1187 1217 1239 1290 qul

129 1313 200 1358 rere
236 1294 406 1356 seeundum
442 1309 498 1353 nos
535 1294 700 1354 essentiam
731 1301 870 1364 nostram
900 1299 1083 1374 assumpsit,
1124 1316 1237 1362 nomen

129 1384 202 1454 hoe,
225 1381 333 1457 homo,
356 1380 542 1440 affirmemus
566 1381 782 1452 essentialiter,
807 1398 868 1443 non
891 1388 992 1443 aretem
1015 1401 1051 1445 aa
1074 1386 1099 1444 si
1122 1387 1237 1448 solum-

130 1469 219 1529 modo
251 1484 347 1529 causa
370 1466 526 1527 hominum
550 1474 635 1528 esset
656 1473 686 1527 et
708 1466 838 1528 effector.
892 1468 994 1544 Neque
1018 1472 1096 1531 enim
1122 1472 1237 1535 solum·

131 1556 218 1616 modo
249 1555 342 1615 homo
365 1559 428 1627 est,
461 1553 515 1613 sed
539 1561 569 1614 et
591 1553 666 1612 deus
689 1553 767 1635 idem
792 1562 854 1614 est:
892 1572 990 1632 neque
1014 1574 1108 1634 super
1130 1575 1237 1620 essen-

131 1645 201 1702 tiam
226 1646 360 1702 nostram
383 1639 481 1699 solum
504 1645 566 1710 est,
599 1641 741 1713 quoniam
765 1641 843 1700 idem
868 1644 958 1702 etiam
978 1643 1067 1702 homo
1086 1650 1149 1721 est,
1181 1663 1237 1708 neo

132 1731 209 1788 enim
241 1743 344 1788 merus
374 1725 465 1785 horno
496 1731 548 1785 aut
579 1726 680 1785 nudus
709 1727 786 1786 deus
815 1735 875 1798 est,
916 1729 970 1789 sed
1000 1732 1235 1809 rerera‘homo,

131 1815 296 1891 praecipuo
325 1811 456 1888 quodam
488 1828 562 1889 erga
584 1812 724 1873 homines
748 1830 850 1874 amore
873 1813 1009 1877 allectus.
1039 1817 1118 1877 ·Per
1139 1819 1237 1880 inlini-

131 1908 192 1962 tum
216 1916 291 1980 erga
314 1900 453 1960 homines
476 1915 609 1960 amorem
633 1900 731 1960 lactus
754 1906 802 1960 est
823 1901 896 1961 illud
918 1903 1037 1978 ipsum,
1063 1906 1235 1979 etquidem

132 1989 303 2063 verissime,
343 1985 421 2060 quod
453 1987 593 2056 ornabat,
627 1987 670 2047 ita
697 1994 796 2047 tamen
826 1994 860 2047 ut
888 2005 947 2048 sua
975 1990 1072 2065 ipsius
1103 1994 1237 2053 essentia

131 2074 202 2134 nihil
225 2076 376 2143 amitteret
398 2088 452 2149 ρετ
474 2071 554 2132 haue
576 2071 755 2134 ineffabilem
774 2075 1028 2150 exinanitionem,
1053 2093 1110 2136 nea
1127 2084 1237 2140 natura

131 2161 264 2222 humana
288 2160 449 2235 quicquam
472 2159 595 2218 omnino
618 2160 665 2220 vel
689 2160 865 2221 mutationis
888 2161 936 2220 vel
958 2160 1164 2224 diminutionis
1181 2181 1237 2242 per
1305 2190 1307 2194 ·

130 2248 371 2324 assumptionem
401 2245 633 2305 inenarrabilem
663 2253 826 2322 pateretur.
878 2248 982 2307 Abeo
1005 2247 1237 2311 habuitdeiini·

131 2336 259 2408 tionem,
290 2335 330 2394 ab
359 2349 396 2394 εο
425 2339 455 2392 et
484 2333 738 2394 constitutionem.
794 2331 892 2410 Sapra
915 2341 1035 2411 captum
1057 2336 1234 2412 humanum,

131 2423 200 2496 qnia
235 2421 303 2480 sine
338 2419 469 2479 hominis
506 2435 564 2494 ορε
589 2426 619 2481 et
648 2419 816 2481 seeundum
846 2419 1018 2495 hominem;
1055 2439 1124 2484 nem
1153 2440 1236 2485 more

131 2507 283 2579 humano,
313 2506 383 2581 quia
406 2522 459 2582 ρετ
481 2511 609 2582 partum.
653 2507 698 2566 Ex
720 2507 851 2568 hominis
873 2510 1061 2584 substantia,
1091 2527 1160 2571 aum
1183 2528 1234 2572 su·

131 2611 183 2670 per
214 2594 418 2655 substantiam
454 2593 650 2667 subsisteret,
688 2594 890 2656 substantiam
929 2599 1105 2673 assumpsit.
1169 2596 1235 2660 Non

130 2682 226 2758 enim,
262 2677 431 2740 secundum
461 2684 626 2756 nugatores
650 2679 863 2757 Manichaeos,
898 2698 1013 2744 meram
1039 2684 1137 2744 earnis
1162 2701 1237 2761 suae

130 2769 262 2844 speciem
293 2771 324 2825 et
352 2763 535 2841 phantasma
557 2768 587 2824 in
611 2780 645 2824 se
667 2768 735 2843 ipso
758 2768 846 2828 nobis
869 2768 965 2830 lorma
987 2774 1078 2831 tenus
1102 2774 1238 2832 ostenta-

129 2857 187 2924 vit,
209 2860 277 2928 aut,
302 2851 471 2912 seeundum
495 2851 659 2928 Apolinarii
681 2853 818 2930 tabulas,
847 2870 968 2915 carnem
992 2857 1049 2918 sibi
1071 2857 1141 2919 olim
1165 2874 1237 2919 con·

129 2941 365 3001 substantiatum
388 2939 426 2998 de
450 2939 535 2998 eaelo
557 2955 661 3000 seeum
684 2940 827 3014 deduxit,
859 2941 916 3001 sed
939 2941 1107 3005 seeundum
1130 2960 1238 3005 assen-

129 3028 198 3088 tiam
221 3033 317 3089 totam
340 3041 411 3086 vere
433 3025 525 3086 homo
548 3025 647 3087 factus
669 3032 732 3102 est,
764 3029 975 3104 assumptione
997 3030 1115 3091 seilicet
1136 3031 1236 3092 carnis

128 3115 230 3174 anima
252 3118 283 3173 et
304 3118 406 3172 mente
429 3111 602 3188 praeditae,
631 3114 797 3188 unitaeque
820 3115 876 3173 sibi
898 3131 952 3191 ρετ
974 3116 1164 3193 hypostasin.

237 3198 308 3274 ,Est
330 3204 430 3259 tamen
454 3199 649 3258 nihilominus
672 3201 1023 3274 supersubstantialitate
1046 3205 1238 3278 superabun-

128 3287 225 3354 dans,
253 3289 359 3362 utpote
378 3285 430 3360 qui
447 3300 568 3360 semper
591 3303 684 3362 supra
707 3287 908 3347 substantiam
931 3289 990 3348 sit‘
1031 3287 1135 3364 Neque
1155 3291 1236 3350 enirn
1363 3306 1366 3311 ·

128 3390 196 3434 cum
220 3375 306 3434 lieret
327 3371 419 3432 homo
443 3377 571 3432 naturae
594 3374 750 3433 subiectus
773 3374 843 3444 luit,
867 3374 920 3434 sed
944 3375 1045 3450 potius
1064 3376 1129 3436 viee
1148 3392 1236 3437 versa
1271 3391 1273 3394 ⁴

128 3460 166 3520 ad
197 3457 437 3520 se‘snblimavit
466 3465 622 3530 naturam,
660 3461 689 3518 in
720 3475 757 3518 ea
779 3458 860 3521 aliud
885 3461 1061 3538 mysterium
1084 3462 1236 3536 efficiens3

127 3549 192 3622 ipse
223 3546 304 3606 enirn
333 3544 650 3618 incomprehensibilis
678 3548 862 3622 permansit,
892 3553 923 3607 et
945 3564 1031 3608 suam
1054 3551 1236 3609 incarnatio·

128 3649 196 3695 nem
226 3631 310 3693 omni
341 3631 485 3708 mysterio
515 3633 614 3708 magis
643 3633 980 3710 incomprehensibilem
1004 3634 1150 3706 ostendit,
1181 3651 1237 3711 per

129 3719 356 3797 generationem
385 3732 480 3793 supra
509 3734 628 3779 omnem
661 3721 882 3793 substantiam,
917 3725 1002 3781 tanto
1031 3720 1152 3796 quidem
1182 3738 1257 3797 ρετ-

129 3805 208 3867 illam
242 3804 343 3864 laetus
372 3803 673 3879 comprehensibilis,
715 3812 827 3881 quanto
855 3823 908 3883 ρετ
936 3805 1017 3866 illum
1048 3806 1237 3886 dignoscitur

130 3907 196 3953 esse
229 3890 331 3968 magis
363 3889 687 3967 incomprehensibilis.
756 3893 982 3966 ,Absconditus
1019 3894 1098 3954 enlm
1135 3901 1258 3956 manet·

135 4139 307 4205 lllvirnon
328 4140 466 4199 habetati.
488 4141 542 4192 dat
616 4143 655 4202 ll.
676 4135 798 4208 ἄῤῥητον
824 4141 864 4192 ed.
885 4142 939 4195 Gal.
1013 4141 1128 4212 12.th
1153 4145 1237 4212 χωρίς

135 4212 169 4261 ed.
190 4211 246 4264 Gal.
318 4209 358 4262 13.
385 4207 440 4278 γάρ
465 4205 506 4260 ὅτι
520 4210 572 4277 erl.
593 4210 649 4263 Gal.
722 4213 761 4261 ll.
789 4208 819 4263 ἐν
844 4226 894 4265 om.
915 4213 956 4263 ed.
979 4213 1034 4265 Gal.
1107 4214 1146 4266 15.
1171 4208 1237 4276 κλῆ-

137 4282 269 4401 εειυςῢξῖτά.
290 4281 357 4333 llud.
419 4280 459 4332 ld.
480 4279 641 4346 συνίπετρεν
659 4280 699 4332 ed.
721 4280 775 4333 Gal.
837 4280 876 4334 17.
897 4295 925 4333 τε
945 4282 985 4334 ed.
1004 4282 1059 4337 Gal.
1121 4283 1159 4335 18.
1179 4276 1236 4350 ὅσῳ
