2752 4778
1204 127 1210 153 l

143 377 252 437 Christi
286 375 417 436 absolvit
445 377 494 436 lex
526 381 558 435 et
585 375 697 434 multas
728 391 781 451 per
809 375 916 437 doulos
945 374 1127 435 familiarum
1157 378 1251 436 sacri·

142 465 224 524 heau
259 457 366 524 iubet?
424 463 477 522 Cui
507 463 727 539 respondemus
757 461 853 535 quod,
894 463 919 522 si
948 460 1037 522 modo
1065 463 1164 538 ipsum
1193 480 1251 524 nos

142 565 322 625 caperemus
353 564 542 620 sennonem,
575 547 816 609 intellectualiter
837 553 868 607 tn
892 549 1017 609 auribus
1041 553 1132 623 atque
1155 549 1250 609 oculis

142 638 263 695 animae
300 635 509 695 inhaerentem
545 643 573 694 et
608 636 834 709 exaperientem
869 634 947 695 haec
980 633 1017 693 ad
1047 636 1250 710 receptionem

142 728 234 798 atque
264 721 550 796 corrtemplutionern
575 722 786 795 mysteriorum
810 735 951 794 suorum,
987 721 1077 779 simul
1100 720 1137 780 ad
1160 721 1251 781 ultio·

141 825 212 869 nem
247 811 347 867 omnis
385 807 627 867 inoboedientiae
663 813 693 882 et
729 808 919 866 aversionem
960 809 1057 866 omnis
1099 808 1251 877 vanitatis,

141 910 382 972 agnosceremus
406 896 529 954 omnino
553 894 713 969 mysticam
737 909 844 951 sacrae
867 895 1035 968 scripturae
1054 892 1251 963 voluntatem,

141 997 210 1042 curn
241 980 298 1040 hoc
329 982 483 1056 praesenti
512 980 578 1039 loco
609 981 771 1055 intingentes
795 979 892 1038 simile
915 979 1069 1054 quoddam
1092 979 1130 1038 de
1153 981 1251 1040 saneti

141 1067 271 1143 apostoli
295 1083 363 1141 ore,
387 1067 477 1136 illud,
509 1065 588 1138 ,Non
614 1067 692 1124 enim
718 1065 846 1124 iudicavi
870 1082 917 1124 me
940 1068 1018 1125 scire
1042 1065 1154 1139 aliquid
1173 1067 1251 1125 inter

141 1170 214 1225 voa,
246 1154 302 1212 nisi
326 1152 424 1212 lesum
447 1152 615 1222 Christum,
644 1158 675 1210 et
695 1152 777 1210 hunc
800 1152 996 1213 crucifixum*
1048 1146 1250 1224 Quemadmo-

140 1239 212 1300 dum
243 1255 349 1299 revera
379 1241 591 1313 unusquisque
621 1255 725 1299 eorum
753 1240 804 1313 qui
827 1238 947 1298 Christo
976 1235 1168 1298 crediderunt
1195 1255 1264 1315 pro

139 1325 287 1386 facultate
315 1341 373 1385 sua
404 1334 434 1386 et
463 1326 580 1384 virtutis
610 1340 670 1398 qua
699 1325 834 1383 innititur
862 1325 967 1384 habitu
989 1331 1081 1398 atque
1104 1324 1251 1398 qualitate

140 1412 326 1488 crucifigitur
352 1419 381 1471 et
404 1412 551 1488 crucifigit
573 1427 677 1469 secum
701 1411 869 1483 Christum,
908 1413 935 1470 si
957 1428 1025 1471 cnm
1048 1411 1166 1471 Christo
1188 1413 1250 1486 spi·

139 1499 289 1559 ritualiter
318 1500 437 1571 quidem
468 1496 660 1573 crucifigitur.
717 1497 803 1558 Alius
834 1499 912 1556 enirn
937 1497 996 1556 alio
1021 1498 1137 1557 virtutis
1160 1497 1249 1557 modo

139 1584 365 1645 crucifixionem
396 1583 522 1659 adaptat
552 1586 608 1642 sibi
638 1589 736 1657 atque
758 1583 912 1644 conciliat:
952 1583 1002 1643 hic
1031 1583 1151 1659 quidem
1185 1584 1249 1645 solo

139 1673 242 1732 activo
256 1676 395 1746 *peccato
419 1670 596 1742 crucifixus,
627 1675 718 1744 atque
742 1671 927 1730 mortificans
950 1670 980 1728 id
1003 1669 1050 1729 dei
1074 1671 1173 1729 timori
1196 1671 1251 1731 ad·

137 1759 250 1817 fixum:
286 1756 336 1816 ille
364 1759 437 1832 ipsis
468 1760 557 1816 etiam
588 1758 784 1831 passionibus
814 1756 994 1826 crucifixus,
1025 1755 1250 1832 facultatesque

136 1845 262 1905 animae
292 1859 478 1918 perennans:
516 1845 619 1903 tertius
649 1843 740 1901 etiam
765 1843 838 1918 ipsis
862 1844 1041 1918 passionum
1064 1844 1249 1904 vanitatibus

136 1930 317 2002 crucifixus,
356 1946 415 1989 non
446 1930 547 1989 valere
575 1930 684 1988 iubens
715 1943 843 1998 sensus,
878 1929 916 1987 ad
947 1929 1151 2004 recipiendam
1180 1930 1251 1989 inde

135 2017 271 2092 aliquam
296 2017 386 2075 animi
409 2018 440 2074 in
462 2016 591 2076 sublime
613 2015 830 2074 elevationem:
868 2014 918 2073 ille
941 2017 1006 2075 suis
1028 2016 1108 2074 circa
1131 2017 1251 2090 passio-

134 2120 195 2163 nes
225 2103 460 2178 cogitationibus
492 2108 584 2176 atque
614 2101 927 2182 considerationibus:
963 2101 1040 2160 alius
1064 2103 1155 2161 etiarn
1179 2119 1250 2162 sen-

135 2189 219 2250 suali
252 2187 373 2249 fraude:
412 2188 489 2247 alius
521 2205 592 2248 vero
618 2188 708 2247 etiarn
732 2187 861 2246 naturali
883 2188 1065 2262 proprietate
1087 2187 1249 2248 crucifixus

134 2291 289 2338 sensnum
313 2275 351 2335 ad
375 2275 532 2335 sensibilia
553 2274 731 2334 relationem
754 2274 852 2333 exuit:
882 2272 961 2332 alins
984 2289 1104 2333 omnem
1128 2289 1249 2349 quoque

133 2363 308 2443 generatim
338 2361 512 2423 sensualem
543 2376 632 2420 cruce
662 2361 826 2420 motionem
856 2359 960 2433 sedat,
990 2365 1024 2420 ut
1053 2359 1127 2420 nihil
1155 2361 1184 2421 in
1214 2378 1250 2423 se

133 2464 267 2527 prorsus
290 2447 402 2508 habeat
424 2448 503 2523 quod
527 2446 705 2507 naturaliter
723 2451 848 2523 agatur:
879 2446 958 2506 alius
977 2446 1109 2521 denique
1126 2446 1164 2505 de
1180 2449 1249 2523 ipsa

132 2534 335 2596 intellectuali
366 2537 488 2594 omnino
519 2534 637 2594 desistit
658 2535 792 2607 actione,
823 2537 914 2607 atque
937 2538 970 2593 ut
992 2534 1091 2593 maius
1115 2532 1258 2608 eloquar,

132 2623 187 2683 hic
218 2620 339 2696 quidem
370 2622 502 2696 practica
533 2636 613 2695 quac
635 2619 745 2678 dicitur
766 2618 958 2695 philosophia
979 2636 1034 2695 per
1056 2621 1249 2695 impassibili-

131 2715 233 2770 tatem
255 2707 433 2781 crucifixus,
465 2713 495 2766 et
517 2708 554 2767 ad
580 2706 747 2766 naturalem
769 2707 801 2764 in
823 2707 929 2782 spiritu
952 2706 1248 2781 contemplationem,
1292 2706 1294 2712 '

132 2795 228 2871 quasi
251 2809 270 2854 a
292 2809 383 2853 carne
406 2793 539 2867 quadarn
562 2793 673 2853 Christi
695 2793 733 2851 ad
757 2793 891 2852 animam
914 2793 981 2852 eins
1007 2793 1246 2871 transgrediens,

131 2882 214 2956 alter
241 2879 372 2940 naturali
395 2895 515 2954 quoque
538 2880 735 2940 mortificatus
758 2878 1027 2954 contemplatione,
1062 2881 1181 2941 abiecta
1201 2882 1248 2940 in·

131 2965 301 3028 tellectuali
330 2981 430 3025 rerum
459 2965 715 3041 contemplatione
738 2966 919 3039 symbolica,
953 2965 1043 3026 etad
1066 2967 1246 3029 uniformem

132 3060 166 3115 et
195 3053 364 3129 simplicem
395 3052 587 3129 theologicae
617 3053 689 3111 artis
720 3052 918 3112 initiationem
949 3052 1034 3125 quasi
1070 3054 1108 3111 ab
1145 3054 1247 3114 anima

132 3139 271 3216 quadarn
294 3139 400 3198 Christi
432 3138 470 3198 ad
500 3137 685 3199 intellectum
715 3138 782 3197 eius
805 3136 989 3214 translatus,
1023 3139 1131 3197 tertius
1154 3140 1246 3198 etlam

133 3228 177 3286 ab
205 3225 265 3285 bac
292 3225 321 3283 in
350 3224 530 3285 ineffabilem
555 3240 610 3299 per
631 3224 751 3299 plenam
776 3225 968 3301 negationem
990 3224 1167 3284 infinitatem
1192 3227 1246 3284 ab·

132 3312 262 3372 lativam
291 3315 436 3387 tanquam
466 3313 505 3370 ab
531 3310 686 3371 intellectu
709 3310 840 3385 quodam
863 3310 973 3371 Christi
995 3309 1034 3370 ad
1057 3309 1245 3370 divinitatem

132 3399 203 3461 eius
228 3399 354 3472 mystice
377 3403 517 3457 evectus:
548 3398 717 3458 secundum
740 3412 845 3470 suam,
875 3403 909 3457 ut
932 3396 1009 3468 dixi,
1032 3398 1245 3471 unusquisque

133 3482 326 3552 facultatem,
348 3489 378 3544 et
397 3485 566 3544 secundum
587 3486 709 3559 spiritus
732 3485 861 3561 gratiam
886 3501 940 3559 pro
963 3484 1069 3542 merito
1092 3499 1128 3542 ac
1147 3483 1245 3560 digui-

133 3577 200 3631 tate
230 3571 287 3629 sibi
309 3570 466 3648 largitam,
498 3571 648 3630 Christum
671 3570 791 3629 habens
815 3570 873 3628 sibi
895 3570 1111 3629 convenienter
1132 3568 1244 3629 facien-

134 3666 196 3718 tem
222 3657 366 3717 sublimes
390 3673 466 3717 suas
489 3673 544 3733 per
566 3656 825 3718 morbficationem
849 3672 923 3734 erga
940 3671 1046 3715 ornnes
1066 3671 1116 3716 res
1136 3672 1245 3715 ascen·

133 3745 258 3821 siones,
287 3744 328 3802 ita
357 3744 490 3803 divinum
514 3760 634 3818 quoque
658 3747 796 3802 nostrum
819 3743 946 3816 quisque
972 3757 1085 3819 agnum
1110 3743 1243 3802 velutin

133 3830 240 3904 aliqua
268 3829 358 3888 domo
387 3831 505 3905 proprio
535 3830 640 3889 ordine
669 3828 864 3887 institutionis
892 3843 948 3903 pro
978 3830 1087 3889 virtute
1116 3829 1142 3888 ei
1172 3844 1245 3887 con-

133 3917 286 3976 venientis
310 3917 462 3976 sacrificat
484 3931 597 3991 agnum
622 3921 652 3974 et
674 3931 783 3974 carnes
806 3915 872 3974 eius
896 3916 1070 3990 participat,
1106 3920 1137 3973 et
1159 3920 1245 3974 satu·

133 4009 220 4064 ratur
247 4002 376 4062 Christo.
443 4002 596 4077 Cuiusque
629 4003 708 4061 enim
742 4001 881 4076 proprius
915 4017 1015 4078 agnus
1043 4003 1076 4059 fit
1105 3999 1244 4060 Christus
1298 4050 1309 4057 .

132 4090 238 4163 lesus,
281 4093 313 4148 ut
348 4089 477 4163 quisque
510 4105 619 4164 capere
654 4104 723 4147 eum
758 4088 855 4163 possit
887 4093 916 4146 et
945 4086 1051 4158 edere,
1091 4089 1242 4163 proprius,

135 4175 229 4237 Panlo
258 4189 370 4252 magno
400 4175 533 4235 veritatis
563 4190 729 4250 praecone,
761 4181 791 4233 et
820 4174 964 4248 peculiari
993 4173 1123 4248 quodam
1153 4172 1243 4234 modo
