2752 4778
227 184 299 260 280

225 369 259 435 ἔκ
288 371 345 434 τού
368 366 446 433 κατὰ
470 369 560 450 γένος
581 370 636 431 καὶ
658 361 752 441 άξίαν
774 362 894 475 τρόπορ
917 366 971 444 τῆς
992 363 1040 431 ἐπ’
1064 359 1183 441 αύτοῖς
1203 369 1328 474 θεωρίας
1367 352 1370 441 Ι

225 457 372 533 καλέσαι,
401 452 456 518 τόν
487 456 521 518 δέ
548 454 646 536 μέγαν
671 450 816 560 Ιωάννγν
837 455 891 517 καὶ
913 450 948 516 ἐκ
968 455 1026 518 τού
1047 450 1164 517 τόπου.
1215 454 1329 536 ΙΑιοιτερ
1367 446 1370 535 4

226 536 243 607 5
271 545 330 624 μὲν
358 539 451 649 μ’γιος
474 536 635 619 Ἰωάννης,
674 534 715 613 ὥς
747 540 813 645 μὲν
840 539 938 620 κῆρυξ
971 543 1166 648 μετανοίας,
1201 535 1330 624 πράξεάς

226 631 312 693 ἐστιν
340 624 449 706 εἰκών,
480 621 522 702 ὡς
543 622 614 688 δὲ’
600 630 778 730 ερημίτιγς,
793 618 969 702 άπαθείας,
1002 621 1046 701 ὥς
1067 627 1214 702 Λευίτης
1235 626 1270 689 δὲ
1287 629 1330 689 καί

227 711 342 823 ίερρύς,
371 715 543 821 γνωστικῆς
569 715 725 792 θεωρίας,
754 704 797 784 ὥς
824 711 859 773 55
886 712 944 774 τού
944 710 1070 821 λόγον
1101 709 1331 799 προσκιρτῆσας

226 795 291 862 5115
332 795 486 904 γαστρός,
523 792 676 904 άτρεψίας
712 800 766 861 καὶ
806 797 858 873 τῆς
889 791 956 859 κατ’
988 793 1102 901 άρετῆν
1136 802 1196 862 καὶ
1229 800 1332 881 γνῶσιν

228 881 363 960 ἕξεως
349 907 416 948 εστι
444 882 623 992 σύμμολον·
656 877 776 947 όδὲ“
755 906 847 984 αγιρς
867 873 1048 966 Δαβὶδ,“
1022 908 1064 959 ως
1085 886 1148 966 μὲν
1167 879 1332 969 ’ῙουδαίοςΙ

65 990 112 1030 τοι.
127 985 221 1032 amb.
228 975 282 1037 καὶ
313 967 450 1054 ποιμῆν,
486 968 540 1048 τὴν
575 965 614 1032 δι’
647 965 905 1075 ἐξομολογήσεως
932 967 1110 1078 πρακτικύγν
1139 975 1332 1081 φιλοσοφίαν

228 1053 487 1136 είκονίζεται,(
464 1081 506 1131 ως
538 1057 573 1119 δὲ
603 1051 752 1137 βασιλεύς
777 1048 922 1162 Ἰσραὴλ,
958 1053 1011 1134 τὴν
1027 1053 1252 1164 θεωρητικὴν
1281 1056 1332 1131 εἷς·

229 1152 349 1225 ηγεῖται
372 1146 605 1250 μυσταγωγίαν.
659 1143 703 1204 Γ
688 1164 757 1215 ενος
780 1130 837 1203 ούν
858 1142 916 1204 τού
939 1144 997 1225 μὲν
1019 1137 1115 1224 άγίου
1130 1137 1330 1209 Ἰωάννου
1305 1166 1332 1207 τι

227 1228 324 1304 έθνος
352 1233 405 1292 καὶ
435 1224 451 1306 5
482 1226 562 1338 φυλῇ
592 1218 680 1302 ἐξ
653 1251 697 1291 ων
725 1221 913 1334 ύττῆργε,α
894 1220 969 1300 άξία
1000 1230 1035 1292 55
1057 1225 1095 1292 t5
1118 1225 1271 1338 κη’ρυγμα
1289 1234 1333 1339 καί

228 1314 400 1422 ίερωσύνγ,
435 1318 492 1420 γιαὶ
521 1311 620 1418 τότρς
649 1305 666 1420 5
694 1309 853 1420 έριγμος
839 1335 873 1375 εν
899 1302 919 1389 5
947 1315 1050 1396 διῆγε·
1093 1318 1153 1378 τού
1186 1310 1271 1380 5'5‘
1252 1321 1334 1398 αγίον
1363 1338 1370 1353 ·

227 1396 384 1483 A5555‘
362 1399 520 1480 ωςαύτως,
560 1396 595 1463 τό
624 1402 684 1483 μὲν
706 1402 800 1508 γένος
830 1396 866 1462 τό
895 1377 1032 1474 δ’θνος’
1018 1405 1087 1465 εστὶ
1116 1405 1186 1465 καὶ
1207 1396 1226 1480 5
1254 1399 1334 1488 φυλῆ,

228 1486 264 1551 τό
288 1490 323 1551 δὲ
345 1482 604 1595 έττιτν,’δεγμμ,”
584 1510 682 1594 '²⁷⁰”5
701 1481 718 1563 5
743 1478 886 1564 άξία,“
871 1510 888 1562 η
911 1484 1126 1593 ποιμαντικῆ
1126 1492 1187 1553 καὶ
1210 1482 1229 1567 5
1249 1494 1335 1570 βασι·

229 1577 309 1637 λεία.
370 1565 453 1647 Aa}
468 1569 631 1681 ἑκάτερος,
663 1567 866 1653 ἀναλόγως
854 1574 954 1674 εαυτῷ
982 1571 1061 1637 κατὰ
1090 1570 1150 1637 τδν
1180 1577 1336 1656 πρέποντα

228 1657 327 1767 λόγον
355 1661 416 1723 τῶν
444 1654 491 1722 ἐπ’
517 1653 602 1768 αύτῷ
623 1660 800 1769 λεγομένων
822 1654 949 1761 τρόπων
970 1656 1218 1743 θεωρούμενος,
1246 1658 1283 1726 τό
1303 1657 1336 1725 δί

228 1740 327 1809 αύτού
349 1741 583 1828 δηλούμενον’
563 1750 745 1818 απταίστως
763 1742 940 1831 μυστήριον
961 1747 1130 1812 δείκνυσιν.

66 2077 116 2126 ιη,
117 2077 172 2115 ,ιιι
175 2075 223 2117 ..οι
224 2040 290 2115 Ἕκ
316 2047 384 2114 τοῦ
412 2041 529 2114 αὐτοῦ
550 2042 682 2141 λόγου,
711 2043 760 2124 τίς
783 2041 844 2135 τό,
863 2037 933 2114 ’Ἀυ
955 2043 1004 2123 είς
1026 2043 1230 2141 Αἴγυπτον
1252 2041 1336 2143 φεύ·

65 2086 221 2269 55:555555
281 2171 349 2244 γῃ,
373 2139 583 2237 προθύμως
599 2098 959 2242 ουμφυγαδεόθητι·
986 2142 1103 2217 καλου
1116 2172 1175 2242 τω
1157 2150 1338 2245 Χριστῷ

65 2226 220 2323 55.⁹¹3.¹1';5⁷⁵.
284 2246 512 2370 συμφεύγειν
538 2243 768 2372 διωκρωένιμ.
825 2244 938 2318 *Av‘
923 2273 961 2340 εκ
984 2217 1171 2376 Αῑγύπτιμ
1197 2220 1337 2346 βραδύ

282 2376 329 2443 νη
336 2403 346 2435 ,
375 2343 532 2422 κάλεσον
552 2346 669 2422 αὐτόν
694 2350 732 2432 ἐξ
750 2347 965 2448 Αἰγύπτου,
993 2352 1155 2432 καλῶς’
1137 2356 1218 2425 εκεῖ
1236 2380 1336 2455 τερος-

279 2445 526 2544 κυνούμενον.

335 2613 399 2674 Δεῖ
403 2608 581 2716 ,καθάπερ
606 2600 713 2716 οἶμαι,
741 2607 829 2720 πρός
850 2611 894 2695 τῷ
915 2607 1082 2712 γινώσκειν
1103 2610 1151 2687 είς
1173 2613 1334 2725 Λῖγυιττρι
1368 2656 1370 2666 ·

229 2696 370 2783 φυγόντα
400 2693 455 2760 τόν
481 2694 592 2778 κύριον
613 2700 666 2760 καὶ
689 2691 752 2760 ύτό
777 2702 861 2770 τίνος
875 2672 1079 2805 διωκόμενον
1099 2694 1183 2763 κατά
1207 2699 1245 2767 τό
1267 2698 1332 2767 άιιό·

228 2787 351 2847 λουθον
378 2781 506 2846 είδὲναι.
573 2780 707 2892 Φεύγρι
717 2788 823 2890 τρίνυν
852 2775 870 2846 5
899 2780 1008 2865 κύριος
1037 2779 1074 2847 05
1101 2783 1212 2863 μόνον
1239 2784 1333 2863 ἆνιλάς

228 2868 273 2944 είς
293 2867 461 2977 Αιγυπτον
468 2914 480 2944 ,
514 2861 594 2931 άλλδ
615 2872 669 2933 καὶ
691 2863 753 2933 όιτό
770 2863 917 2972 Ἡρώδου
939 2868 1149 2977 διωκόμενος,
1182 2877 1243 2939 τού
1262 2899 1331 2981 τιμι-

228 2956 327 3019 καύτα
360 2956 412 3032 τῆς
441 2949 598 3029 Ἰουδαίας
629 2957 684 3059 γῆς
712 2951 948 3037 βασιλεύοντος.
1006 2950 1234 3041 Ἐρμηνεύεται
1260 2954 1331 3027 555

221 3036 430 3122 Ἦριόδης,
409 3039 451 3117 ιός
473 3063 573 3150 φασι,
600 3039 724 3122 πάθος,
745 3046 799 3107 καὶ
823 3040 1026 3144 διρμάτινος,
1048 3047 1103 3107 καί
1096 3043 1245 3154 φύσις,
1268 3043 1331 3127 555

226 3127 394 3211 Αἴγυπτος
414 3131 468 3193 καὶ
491 3123 566 3205 αύτῆ
591 3126 762 3230 πολλαχῶς
783 3124 994 3211 λαμβάνεται,
1029 3126 1109 3193 κατὰ
1132 3129 1193 3209 τάς
1216 3129 1264 3197 ἐντ’
1283 3128 1330 3197 αύ-

157 3221 160 3225 ’
227 3216 264 3303 τῇ
285 3217 346 3277 τῶν
367 3216 572 3318 θεωρητικῶν
593 3211 721 3321 τρόπων
740 3213 921 3325 ἐπινρίας,
936 3216 1015 3279 ποτὲ
1043 3218 1103 3299 μὲν
1126 3217 1176 3295 είς
1198 3217 1256 3285 τόν
1275 3218 1329 3327 δνρ·
1363 3202 1368 3276 ί

227 3303 331 3365 στύτα
364 3297 505 3384 κόσμον,
545 3304 624 3364 ποτὲ
658 3302 693 3363 δέ
721 3300 770 3375 εἰς
793 3296 846 3378 τῆν
878 3301 997 3383 σάρκα,
1038 3305 1119 3368 ποτέ
1148 3306 1246 3370 55'
1216 3330 1263 3383 εις
1286 3302 1330 3385 τὴν

226 3381 401 3494 ἁμαρτίαν,
428 3389 508 3450 ττοτὲ
538 3388 573 3449 55
602 3385 648 3461 εἷς
676 3382 731 3464 τόν
753 3382 903 3469 άγνοιαν,
931 3389 1009 3451 ποτέ
1031 3388 1118 3453 55'
1088 3413 1135 3465 εις
1159 3388 1219 3470 τὴν
1238 3391 1329 3459 κάκω-

226 3495 295 3552 σιν,
317 3467 432 3536 καθΗ
419 3468 456 3551 ἤν
479 3469 677 3554 μάλιστα”
640 3497 694 3536 νυν
716 3470 867 3555 ἐπιβολὴν
888 3475 1013 3555 πρέπον
1034 3473 1122 3539 ἐστὶν
1143 3474 1329 3554 ἐκδέξασθαι

227 3556 280 3637 τὴν
308 3558 354 3633 είς
374 3558 542 3640 Αἴγυπτον
569 3562 627 3622 τού
654 3563 765 3642 κυρίου
788 3558 897 3643 φυγήν.
953 3551 1127 3625 Καλόν
1087 3585 1145 3625 ουν
1167 3561 1239 3630 ἔστι
1260 3590 1330 3649 σιμ

227 3641 354 3729 φεύγειν
375 3643 421 3720 εἷς
441 3643 609 3727 Αἴγυπτον
631 3670 673 3732 τῳ
660 3648 852 3753 Χριστῷ,
880 3648 1023 3710 τουτέστι
1046 3649 1090 3734 τῷ
1112 3645 1187 3711 55⁵
1170 3660 1248 3734 ημῖν
1268 3654 1329 3717 διο·

224 3755 387 3839 γνωστικιμ
417 3734 500 3840 θείῳ
530 3728 631 3839 λόγῳ,
657 3708 724 3795 διὰ
756 3731 933 3839 νγπιότγτα
955 3734 1030 3808 τέως
1056 3710 1270 3846 διωκομένῳ,
1296 3732 1329 3801 δι’

225 3842 306 3926 γμας
328 3841 401 3891 τους
422 3842 480 3881 κατ
511 3813 607 3881 αότόν
626 3817 849 3926 νγιτιάζοντας,
871 3844 933 3883 υττο
957 3821 1015 3883 τού
1010 3823 1234 3930 κρατούγτος
1255 3820 1329 3927 ἧμὸγ
1363 3902 1367 3909 .

225 3900 271 3967 ἔτι
301 3907 355 3968 καὶ
382 3900 610 3986 βασιλεύοντος
638 3901 691 3967 διά
721 3908 780 3969 τῶν
786 3903 967 4010 ἐμπαθῶν
989 3908 1041 3984 τῆς
1062 3905 1187 3989 σαρκός
1208 3907 1328 4017 κινημά-

63 4015 207 4060 mmm
210 3986 303 4076 τωνΙ
315 3992 431 4099 χοϊκού
452 3988 688 4102 φρονήματος,Ι
695 3990 740 4066 εἷς
762 3987 815 4069 τῆν
838 3991 891 4056 διδ
915 3994 968 4071 τῆς
988 3996 1170 4074 πρακτικῆς
1187 3993 1329 4077 κάκωσιν,

226 4067 352 4149 ἕως
313 4102 349 4140 ου
377 4074 562 4151 θάνατοςι
546 4087 620 4160 ημῖν
644 4081 771 4186 μηνυθῆ
794 4077 845 4141 διδ
869 4082 922 4156 τῆς
942 4074 1106 4155 άπαθειιις
1128 4083 1193 4145 τῶν
1216 4080 1328 4160 ζητούν·

225 4184 286 4224 των
320 4158 372 4239 τὴν
404 4160 509 4246 ψυχὴν
542 4167 600 4227 τοῦ
629 4160 706 4227 ένι
689 4174 763 4247 ημῖν
788 4163 997 4270 γυμνάζοντος
1023 4164 1202 4232 θειοτάτου
1230 4167 1327 4253 λόγον,

226 4247 367 4310 τουτέστι
395 4251 456 4312 τῶν
477 4247 531 4327 τὴν
553 4244 640 4333 ἡμῶν
662 4248 741 4315 κατὰ
764 4247 819 4315 τόν
841 4250 939 4334 λόγον
960 4255 1097 4331 θεοτελῆ
1119 4253 1202 4334 ζωὴν
1224 4258 1327 4338 νεκράν·

225 4355 278 4396 σαι
309 4330 486 4414 θελόντων,
520 4340 573 4399 καὶ
602 4334 656 4413 τὴν
676 4340 875 4422 Χριστοειδῆ
902 4335 1112 4416 κατάστασιν,
1143 4340 1243 4427 ἤγουν
1264 4342 1325 4421 έξιν,
1365 4414 1370 4473 Ι
