2768 4784
1175 221 1249 296 att

134 403 223 463 cuins
260 403 363 480 mutia
397 399 564 461 voluntatis
600 417 619 461 a
654 416 745 460 carne
780 401 992 465 alienationem
1022 404 1154 480 perlecta
1182 409 1248 467 eius

136 487 323 550 naturalium
363 488 531 548 motionum
569 487 801 549 circumcisione
837 491 951 563 ceperit
986 496 1091 566 aperte
1126 492 1249 565 indicat,

137 576 279 637 nimirum
308 581 343 635 ut
364 575 456 635 etiam
478 574 546 648 ipse
568 575 668 651 gratia
690 574 768 635 deos
789 575 889 650 fieret,
922 593 1015 652 super
1037 581 1196 640 materiam
1218 582 1248 639 in

137 678 230 721 carue
255 677 309 737 ρετ
334 662 503 729 actionem,
532 661 624 735 inque
647 667 749 721 mente
770 677 825 737 per
846 664 1133 740 contemplationem
1158 682 1251 742 super

137 747 282 818 iormnm,
310 762 350 807 ex
378 747 491 823 quibus
519 762 620 807 rerum
651 753 763 809 natura
785 754 921 820 constat,
955 766 1025 812 sese
1047 753 1250 824 constituens,

136 839 165 894 et
186 840 223 894 ut
243 839 341 895 totum
364 833 499 904 edicam,
522 833 692 894 secundum
715 834 851 895 habiturn
875 836 992 897 virtutis
1015 843 1045 898 et
1067 840 1249 916 cognitionis

136 920 346 981 immaterialis
374 925 405 981 et
427 920 542 981 iormae
564 936 677 996 expers
699 920 791 995 plane
813 921 912 981 luctus
934 939 988 998 per
1010 923 1099 984 deum
1125 923 1249 985 Sermo-

137 1022 204 1067 nem
237 1008 288 1082 qui
319 1011 442 1082 propter
469 1022 526 1066 nos
554 1008 587 1064 in
612 1008 738 1067 materia
767 1013 798 1068 ει
818 1008 914 1068 iorma
937 1025 1044 1070 revera
1068 1010 1106 1070 ad
1130 1028 1187 1072 nos
1210 1012 1249 1071 de

135 1094 224 1153 nobis
256 1095 410 1169 peruenit,
445 1094 495 1167 qui
525 1098 633 1153 natura
663 1109 721 1153 sua
749 1096 868 1169 proprie
890 1099 938 1154 est
960 1097 1166 1157 immaterialis
1188 1096 1250 1157 ior-

134 1194 267 1254 maeque
295 1195 417 1257 expers.
470 1177 526 1236 Vel
548 1180 639 1239 etiarn
669 1196 793 1253 rursus,
822 1180 895 1240 illud
932 1181 1042 1256 ,lmrno
1067 1200 1139 1243 vero
1163 1199 1248 1258 pror-

134 1282 190 1326 sus
213 1266 351 1338 divine‘,
388 1266 462 1325 dixit
483 1271 606 1341 propter
627 1267 709 1337 eius,
745 1269 796 1340 qui
821 1269 961 1327 virtutem
984 1285 1021 1328 ac
1043 1270 1247 1345 cognitionem

133 1357 267 1427 quantas
291 1351 464 1412 hominibus
485 1352 589 1411 liceret
612 1354 761 1426 exercuit,
797 1369 834 1413 ex
859 1352 906 1413 dei
930 1360 961 1414 et
982 1357 1110 1430 proximi
1133 1371 1246 1430 amore,

133 1439 265 1500 liberum
295 1440 334 1499 ab
363 1437 473 1498 affectu
503 1443 633 1509 statum,
668 1454 727 1513 qno
756 1439 795 1498 de
825 1439 952 1501 aliorum
984 1442 1086 1502 debito
1115 1443 1248 1516 patiatur

131 1527 330 1600 animamque
353 1525 481 1585 libenter
503 1526 644 1600 proiciat,
673 1531 779 1600 utpote
803 1527 842 1586 ab
865 1528 1006 1588 omnibus
1029 1529 1151 1590 omnino
1175 1545 1248 1589 nac-

133 1613 179 1671 vis
204 1618 235 1677 el
259 1608 388 1673 maculis
411 1612 493 1672 liber.

132 1796 314 1872 Eiusdem
336 1823 383 1872 ex
405 1822 572 1873 sermone
596 1798 634 1869 in
651 1795 900 1892 Nativitatem,
924 1801 962 1874 in
984 1802 1094 1894 illud,
1120 1801 1247 1903 ,Leges

186 1911 339 1975 naturae
358 1901 575 1989 solvuntur,
603 1901 751 2000 impleri
776 1913 920 2001 oportet
943 1913 980 1977 et
1001 1908 1247 1981 consummari

183 2005 369 2079 mundum
383 2028 591 2104 supernum.
620 1999 787 2078 Christus
803 2006 922 2079 iubet:
944 2033 990 2080 ne
1004 2008 1248 2082 obsistamus!

242 2141 342 2219 Leges
372 2147 501 2201 naturae
530 2156 635 2200 revera
666 2138 785 2200 solutae
816 2143 940 2216 superni
969 2141 1074 2200 mundi
1104 2156 1248 2202 consum·

134 2230 301 2289 mationem
324 2226 495 2288 effecerunt.
541 2225 685 2286 Nimirum
708 2243 768 2285 non
793 2227 902 2287 solutis
922 2228 966 2287 eis
985 2243 1139 2304 supernus
1159 2243 1247 2287 mun-

133 2312 191 2375 dus
219 2314 416 2392 imperfectus
446 2314 612 2375 mansisset
640 2318 730 2387 atque
760 2314 1033 2374 inconsummatus.
1088 2314 1245 2386 Quaenam

134 2407 207 2461 sunt
234 2407 338 2462 autern
367 2403 445 2461 istae
475 2416 555 2477 qnae
584 2399 744 2460 solvuntur
770 2399 856 2477 leges
888 2399 1039 2469 naturaei,
1089 2399 1144 2460 Est
1173 2418 1246 2461 con-

134 2490 234 2564 ceptio
262 2503 317 2564 per
348 2489 513 2560 sationem,
550 2492 579 2546 ει
607 2503 661 2561 ρετ
690 2487 861 2559 interitum,
895 2492 930 2545 ut
958 2491 1046 2561 puto,
1077 2489 1245 2564 generatio,

136 2588 265 2649 quarum
288 2578 398 2634 neutra
422 2590 525 2634 veram
548 2573 596 2633 dei
615 2573 857 2632 incarnationem
877 2572 1103 2648 perfectamque
1119 2574 1245 2633 humani

136 2659 269 2736 corporis
301 2661 543 2736 assumptionem
565 2658 655 2735 plene
679 2659 858 2736 designavit.
916 2657 1048 2719 Sationis
1072 2661 1151 2720 enim
1174 2676 1245 2719 vere

136 2746 187 2807 init
210 2747 389 2821 conceptio,
417 2751 448 2806 et
468 2745 606 2806 interitus
629 2746 753 2824 omnino
776 2745 950 2822 generatio,
978 2763 1056 2823 pura
1079 2752 1169 2822 atque
1190 2749 1245 2807 im-

137 2833 303 2906 maculata,
326 2837 550 2909 proptereaque
567 2833 614 2891 vel
634 2837 704 2907 post
727 2833 864 2908 generati
886 2838 1005 2908 partum
1029 2834 1115 2911 virgo
1138 2840 1245 2906 muter,

137 2936 202 2980 cum
226 2918 333 2995 perid
357 2918 437 2994 quod
460 2921 578 2995 peperit
600 2920 699 2994 potius
723 2920 789 2977 sine
811 2920 956 2993 passione
978 2925 1185 2994 permaneret,
1216 2919 1245 2979 id

137 3004 213 3080 quod
243 3004 336 3065 etiam
366 3007 473 3065 mirum
505 3012 535 3065 ει
563 3010 683 3080 ρτεειετ
712 3020 832 3064 omnem
862 3011 989 3065 naturae
1021 3006 1121 3084 legem
1155 3012 1247 3082 atque

137 3093 285 3153 arionem
308 3090 421 3152 lactum
445 3097 509 3167 est,
546 3093 590 3151 uti
614 3090 690 3151 deus
714 3092 764 3165 qui
789 3106 826 3149 ex
848 3091 899 3149 illa
923 3092 953 3148 in
977 3107 1069 3150 carne
1094 3093 1179 3151 nasci
1203 3092 1247 3149 di-

136 3185 248 3255 gnatus
272 3183 335 3253 est,
368 3179 420 3254 qui
442 3179 622 3255 virginitatis
646 3176 766 3236 vincula
789 3177 846 3248 illi,
876 3183 910 3235 ut
933 3177 1034 3250 matri,
1067 3178 1168 3253 potius
1192 3175 1246 3235 ad-

137 3265 258 3325 strinxit
288 3262 605 3342 per'generatiouem.
658 3263 690 3322 ld
720 3262 799 3338 quod
832 3264 914 3323 tactu
946 3279 1007 3323 non
1031 3264 1131 3323 minus
1155 3278 1246 3337 quarn

137 3350 240 3412 andita
271 3365 342 3410 vere
374 3351 586 3412 admirandum
616 3356 679 3419 est,
710 3351 849 3427 generari
878 3350 1018 3408 nimirum
1048 3350 1194 3409 infantem
1217 3355 1245 3408 el

136 3444 220 3513 parta
251 3435 318 3507 edi,
348 3437 534 3514 genitalibus
558 3437 699 3497 claustris
723 3436 828 3496 matris
852 3451 912 3495 non
937 3436 1057 3511 apertis.
1112 3433 1246 3496 Necesse

136 3530 200 3584 erat
230 3523 312 3584 enirn
342 3538 466 3598 revera,
499 3539 628 3583 necesse
658 3528 723 3583 erat
752 3528 786 3582 ut
808 3526 937 3582 naturae
960 3520 1097 3581 conditor
1119 3538 1173 3596 per
1197 3537 1247 3581 εε-

136 3616 194 3671 ruet
222 3610 325 3684 ipsum
348 3615 488 3671 naturam
511 3608 679 3669 emendans
702 3609 814 3685 primas
839 3613 966 3668 naturae
988 3607 1074 3684 leges
1097 3606 1247 3667 dissolve·

136 3700 194 3769 ret,
225 3696 338 3771 quibus
365 3702 524 3772 peccatum
554 3701 679 3771 propter
710 3694 965 3755 inoboedientiam
989 3709 1092 3770 parem
1116 3711 1183 3753 cum
1207 3695 1247 3752 ir-

136 3781 334 3843 rationalibus
357 3783 542 3842 animalibus
565 3782 706 3841 homines
730 3782 930 3841 damnaverat
951 3780 1065 3840 habere
1089 3796 1127 3840 ex
1151 3786 1248 3839 semet

136 3867 210 3944 ipsis
240 3870 469 3929 successionem
498 3866 724 3929 continuandae
750 3868 870 3943 stirpis,
904 3872 934 3926 et
962 3868 1079 3942 primae
1109 3866 1187 3926 adeo
1211 3880 1247 3925 ac

137 3968 243 4015 revera
272 3953 393 4015 divinae
421 3956 583 4016 creationis
613 3954 698 4031 leges
727 3955 903 4026 innovaret,
932 3958 967 4012 ut
989 3953 1070 4028 qaod
1094 3952 1185 4012 homo
1208 3968 1246 4011 ex

137 4040 348 4119 neglegentia,
371 4047 406 4101 ut
428 4042 581 4115 infirmus,
612 4039 811 4116 perdidisset,
841 4038 900 4099 hoc
922 4038 1000 4098 deus
1023 4036 1063 4097 de
1086 4038 1264 4105 clementia,

139 4138 209 4201 tan,
232 4133 268 4187 ut
288 4132 414 4201 potens,
448 4132 644 4188 restauraret.
691 4124 721 4184 Si
743 4127 835 4204 igitur
856 4124 943 4202 leges
966 4130 1095 4184 naturae
1118 4125 1157 4184 de
1177 4139 1247 4199 pec-

139 4217 204 4274 uto
234 4213 397 4291 impositae
426 4215 456 4274 in
478 4214 598 4275 Christo
629 4212 749 4273 solutae
778 4217 866 4286 sunt,
897 4216 927 4271 et
955 4212 1054 4270 omnis
1083 4204 1246 4272 affectuum

138 4298 252 4358 servilis
281 4301 462 4360 insurrectio
492 4300 530 4360 de
555 4299 711 4360 Sermonis
741 4298 877 4359 adventu
906 4299 1027 4373 penitus
1051 4303 1168 4358 remota
1190 4304 1246 4363 est,

139 4398 266 4445 necesse
297 4392 345 4445 est
375 4389 497 4446 omniuo
530 4394 562 4446 ut
591 4402 742 4460 supernus
772 4384 904 4444 mundus
938 4389 1179 4450 consummetur,
1214 4388 1248 4440 ut

1003 4469 1042 4533 lt
