2752 4778
1091 162 1094 167 ⁵
1177 220 1250 296 aaa

121 401 324 478 Eiusdem
343 424 390 480 ex
413 407 542 480 eodem
565 426 750 498 sermone,
784 407 823 480 in
847 407 963 499 iliud,
996 404 1114 499 ,Quid
1135 411 1251 485 medi·

192 516 363 581 cementa
393 511 554 608 quaene,
590 510 684 583 nihil
713 509 931 608 profutura?
964 512 1053 610 quid
1083 514 1252 588 criticum

190 611 385 703 sudorem,
413 639 498 685 curn
517 613 668 686 fortasse
689 611 812 686 letalis
838 613 974 687 adsit?‘

251 745 329 820 Hoc,
363 755 396 807 ut
425 747 500 807 dixit
528 749 636 808 beatus
666 748 714 806 iilo
745 765 856 822 senex,
888 748 1036 816 adversus
1066 767 1120 809 eos
1150 750 1253 824 posuit

123 832 257 892 dictum
288 835 434 910 magister
463 834 513 908 qui
544 836 724 909 baptismum
756 829 922 907 differrent,
954 841 984 894 et
1013 852 1068 911 spe
1096 837 1175 894 vitae
1199 852 1252 894 vo-

123 919 267 993 luptatis
290 919 449 978 lenociniis
470 938 505 979 se
527 919 675 980 dedentes
699 921 882 996 bapttsmum
900 921 1069 996 differrent,
1093 927 1137 994 et,
1162 921 1250 996 ,Quid

124 1020 221 1079 opus
253 1010 327 1080 est,‘
362 1007 475 1080 inquit,
513 1007 630 1077 ,uide
653 1007 734 1067 exitu
757 1012 809 1066 tno
833 1009 871 1066 ab
894 1007 953 1068 alio
976 1010 1086 1067 certior
1107 1008 1190 1078 fias,‘
1220 1006 1251 1065 id

123 1099 188 1151 ast
219 1092 259 1151 de
290 1093 390 1165 ‚exitu
419 1093 513 1165 vitae,
544 1108 582 1151 ac
605 1108 665 1153 non
689 1095 755 1168 ipse
778 1095 879 1168 potius
902 1092 940 1152 de
962 1109 999 1151 eo
1021 1099 1167 1167 tanquam
1190 1094 1249 1152 iarn

124 1182 306 1252 praesente
337 1176 477 1255 cogitas?
530 1177 606 1251 Quid
635 1180 859 1239 medicamenta
882 1182 1022 1254 quaeris,
1054 1179 1127 1238 nibil
1148 1179 1219 1255 prot
1238 1211 1252 1223 -

125 1262 235 1323 tura?
287 1263 361 1336 Quid
393 1265 528 1322 criticum
557 1254 714 1337 sudorem,
746 1282 814 1324 curn
842 1266 974 1325 tortasse
1003 1265 1102 1326 letalis
1132 1263 1249 1323 adsiti‘

124 1351 217 1409 Cum
251 1351 331 1409 enirn
367 1356 511 1425 quattuor
547 1350 614 1410 dies
650 1351 837 1412 medicorum
872 1352 922 1411 iiiii
952 1353 981 1410 in
1011 1352 1249 1411 febricitantibus

127 1437 264 1496 criticos
294 1452 365 1495 esse
395 1436 514 1506 dicant,
547 1443 686 1510 quartam
714 1443 745 1497 et
772 1439 931 1513 septimum
954 1445 984 1498 et
1007 1454 1117 1498 nonam
1141 1443 1171 1496 et
1195 1453 1251 1496 un-

128 1523 310 1598 decimam,
342 1522 474 1583 tortasse
504 1522 652 1584 decimam
681 1525 799 1584 tertiam
822 1540 941 1598 quoque
970 1525 1016 1602 (in
1038 1524 1087 1583 his
1111 1525 1190 1584 enirn
1216 1524 1250 1593 si,

129 1616 172 1668 ut
199 1608 319 1678 dicunt,
348 1625 457 1684 corpus
481 1608 593 1669 sudore
614 1610 817 1672 madefactum
835 1612 1004 1686 reperiunt,
1029 1609 1249 1669 convaliturum

129 1712 214 1756 esse
244 1701 401 1772 aegrotum
430 1697 630 1767 coniectanti,
668 1713 706 1756 ne
734 1698 825 1774 igitur
848 1695 931 1757 bunc
953 1702 1137 1772 exspectans
1158 1694 1252 1756 sudo·
1278 1723 1282 1734 ·

128 1800 206 1842 rem
233 1781 371 1841 infirmus
401 1782 482 1842 malo
513 1783 639 1843 consitio
668 1800 744 1843 usus
768 1785 917 1861 baptisma
939 1782 1072 1853 differat,
1101 1798 1250 1842 annorum

128 1869 286 1944 opinatus
308 1866 423 1927 habere
446 1874 665 1942 commeatum,
689 1871 845 1943 sapienter
867 1870 972 1930 doctor
990 1870 1160 1947 aegrotanti
1178 1885 1251 1928 con·

129 1955 243 2014 sitium
268 1953 338 2024 dat,
373 1970 411 2013 ne
433 1954 502 2014 huic
525 1954 629 2015 sudori
651 1956 783 2017 confidat
804 1963 835 2015 et
855 1956 968 2015 frustra
989 1957 1150 2028 inuitatur,
1181 1971 1248 2014 curn

129 2042 205 2101 fieri
234 2041 347 2116 possit,
384 2045 419 2099 ut
446 2042 551 2101 mortis
582 2039 676 2102 sudor
707 2042 772 2100 eius
806 2041 873 2102 loco
908 2043 1044 2114 eveniat,
1080 2042 1250 2115 praesentis

130 2129 222 2188 vitae
245 2127 334 2186 finem
355 2126 604 2202 praedicaturus;
640 2141 692 2201 ne,
724 2131 759 2186 ut
780 2127 935 2197 dicebam,
965 2127 1060 2187 tatsus
1083 2143 1120 2186 eo
1143 2143 1250 2203 aegro-

130 2221 211 2274 tans
241 2212 354 2272 sudore
378 2228 397 2271 a
421 2218 504 2272 certa
525 2219 556 2272 et
578 2212 681 2272 divina
704 2217 733 2272 et
755 2215 940 2289 sempiterna
962 2215 1023 2272 vita
1045 2211 1250 2288 imprudenter

131 2298 333 2361 abalienatus
362 2298 530 2358 humanam
561 2314 597 2358 ac
628 2299 701 2360 sorti
725 2300 890 2360 obnoxiam
914 2307 945 2360 ct
966 2316 1092 2374 prorsus
1115 2300 1250 2359 interitu-

130 2401 207 2446 ram
228 2401 341 2445 curans
363 2385 548 2462 inveniatur,
579 2387 775 2460 impotentem
798 2385 976 2446 naturaliter
998 2403 1039 2445 ac·
1056 2399 1179 2460 semper
1196 2403 1250 2460 per

131 2473 294 2532 interitum
312 2478 342 2531 et
360 2472 599 2531 immutationem
616 2473 771 2546 fluentem,
795 2478 826 2532 et
844 2473 970 2532 ceterius
988 2489 1092 2532 eorum
1114 2473 1248 2546 quicum

132 2567 246 2620 tenera
274 2559 330 2616 sibi
359 2556 497 2617 videntur
525 2573 636 2618 manus
659 2555 852 2634 effugientem
876 2574 967 2633 quam
991 2575 1071 2619 vana
1093 2559 1249 2618 somnian-

131 2652 200 2706 tem
226 2645 322 2704 noctis
343 2643 455 2720 imago.

130 2813 197 2888 Ex
221 2812 351 2887 eodem
375 2836 560 2906 sermone,
586 2813 626 2886 in
643 2813 760 2905 illud,
787 2811 890 2906 ,Non
905 2812 1005 2888 enim
1019 2837 1127 2912 saepe
1144 2808 1247 2887 dhri-

190 2926 270 2990 stus
297 2914 369 2990 sibi
395 2917 539 3015 aliquid
562 2918 698 3015 surripi
723 2925 838 3010 amat,
865 2919 1010 2991 tametsi
1029 2918 1125 2991 mire
1146 2915 1247 2991 beni·

189 3043 284 3120 gnua
309 3027 345 3093 et
363 3020 506 3094 facilis!

248 3155 325 3228 Quid
347 3155 489 3225 tandem,
511 3155 597 3214 aiunt
619 3154 757 3229 quidam,
787 3171 856 3215 oum
877 3157 908 3215 in
931 3155 1014 3215 hunc
1035 3156 1180 3217 orationis
1203 3154 1248 3215 lo-

129 3259 208 3305 cum
232 3247 450 3317 pervenerunt,
475 3243 501 3300 si
518 3240 607 3301 valde
630 3241 781 3316 benignus
804 3245 852 3302 est
873 3241 967 3315 deus,
999 3247 1029 3302 et
1050 3242 1247 3318 benignitatis

131 3330 207 3390 t'ons
229 3330 388 3405 perennis,
417 3327 493 3388 adeo
517 3331 551 3386 ut
573 3325 655 3387 nulio
679 3327 769 3387 modo
792 3329 889 3402 possit
910 3326 1080 3402 exhauriri,
1111 3329 1168 3387 sibi
1191 3327 1249 3387 ali·

131 3414 212 3491 qrrid
242 3416 349 3490 surripi
380 3430 439 3473 non
463 3411 568 3473 amati
616 3411 661 3473 lta
683 3415 764 3473 erim
786 3415 885 3491 magis
909 3415 1042 3475 eluceret
1065 3415 1246 3490 benignitas,

132 3518 200 3563 nou
229 3501 383 3561 exhausta
413 3501 483 3560 inde
513 3498 594 3575 quod
626 3498 797 3560 volentibus
823 3500 1004 3574 surripiendi
1026 3499 1138 3575 aliquid
1161 3499 1247 3559 daret

131 3590 255 3658 locum,
283 3588 461 3661 praesertim
485 3603 554 3646 curn
575 3585 712 3646 salutare
734 3592 817 3646 esset
833 3586 959 3657 turtum,
982 3592 1013 3647 et
1030 3587 1247 3660 quotienscun-

133 3691 199 3751 que
222 3672 399 3733 voluissent.
445 3672 577 3745 Quibus,
606 3671 664 3731 deo
687 3684 859 3732 sermonem
883 3672 1088 3750 gratificante,
1117 3687 1246 3747 respon-

133 3761 265 3830 demus,
298 3759 380 3834 quod
412 3758 471 3818 boo
498 3759 597 3834 ipsum
620 3763 667 3817 est
690 3759 884 3835 benignitatis
906 3758 1045 3834 pienum,
1076 3757 1124 3818 vei
1145 3758 1246 3833 potius

133 3849 207 3924 ipsa
238 3847 427 3924 benignitas,
464 3850 495 3904 et
525 3843 627 3919 quoad
656 3859 709 3903 eos
738 3844 789 3918 qui
819 3844 932 3919 aliquid
963 3845 1112 3920 surripere
1141 3843 1247 3904 volunt

133 3933 282 3995 salutaris
311 3930 518 4007 providentiae
546 3930 820 3990 luculentissimum
849 3941 1082 4010 argumentum,
1115 3947 1177 3990 non
1205 3931 1246 3989 si-

134 4037 211 4081 nere
234 4018 371 4079 volentes
395 4017 520 4092 saepius
544 4021 576 4077 ut
598 4017 625 4076 ei
648 4015 761 4090 aliquid
784 4018 964 4094 surripiant,
993 4034 1032 4078 ne
1051 4016 1142 4087 forte,
1164 4015 1245 4077 taciti

133 4106 246 4169 salutis
274 4104 474 4176 alienatione,
505 4102 647 4163 facillima
676 4101 728 4162 bat
759 4109 982 4178 consequenter
1011 4103 1083 4163 doni
1104 4103 1243 4178 abiectio,

133 4191 220 4271 quod
246 4190 386 4252 videlicet
413 4189 497 4251 nullo
527 4190 649 4267 negotio
671 4190 845 4264 recuperari
867 4195 978 4275 queat,
1010 4205 1089 4251 neve
1109 4189 1186 4251 firmi
1207 4205 1244 4250 ac

139 4321 419 4349 mutan-u

147 4399 151 4408 '
194 4357 232 4447 ¹l.
253 4392 397 4446 eandm.
416 4342 694 4458 “immurmurat
741 4393 768 4445 2.
786 4387 851 4462 nect
866 4387 901 4445 td
918 4404 946 4445 τι
962 4390 1092 4446 elimam
1110 4391 1260 4446 aedilred.
