2752 4778
387 1003 792 1126 rnhrlrlo.

36 1282 128 1397 lium
160 1323 246 1388 ante
277 1312 345 1397 hos
375 1312 503 1386 decem
529 1314 605 1384 fere
634 1335 746 1384 annos
776 1312 906 1386 turbae
927 1317 1056 1392 civiles
1079 1343 1145 1418 per

43 1418 192 1519 patriam
214 1417 465 1515 finitimasque
488 1414 652 1514 regiones
676 1425 938 1513 grassarentur,
964 1429 1000 1494 et
1021 1423 1145 1496 omnia

48 1522 145 1643 plena
171 1529 294 1594 essent
323 1519 459 1592 furoris
492 1527 599 1617 atque
630 1517 810 1610 insaniae,
850 1520 908 1593 his
937 1525 1076 1598 ferrum
1108 1534 1144 1600 et

51 1650 157 1727 ignem
174 1632 212 1697 et
227 1624 378 1723 quaevis
391 1623 529 1696 ferocia
546 1631 668 1720 aperte
683 1621 957 1716 minitantibus,
985 1627 1062 1700 illis
1077 1651 1143 1726 per

53 1727 157 1802 varias
177 1726 353 1800 factiones
380 1725 656 1823 societatesque,
684 1748 840 1822 quarum
866 1726 936 1800 sibi
961 1753 1141 1830 unaquae-

57 1857 109 1931 que
124 1836 248 1905 veram
264 1828 448 1903 laboranti
463 1827 685 1901 medicinam
701 1852 806 1901 nosse
822 1829 1024 1924 videbatur,
1052 1857 1143 1907 rem·

57 1932 226 2034 publicam
259 1929 567 2021 distrahentibus,
601 1931 666 2004 vix
698 1931 818 2005 dicere
842 1955 992 2031 possum
1009 1947 1151 2033 quanto·

60 2062 125 2111 cnm
149 2035 283 2135 gaudio
316 2059 364 2108 ex
393 2033 526 2107 harum
556 2057 680 2106 rerum
709 2043 847 2109 terrore
879 2061 920 2109 ac
950 2038 1069 2111 taedio
1095 2041 1143 2115 ad

61 2165 103 2214 aas
127 2164 183 2213 me
217 2162 362 2237 semper
391 2137 581 2211 retulerim
612 2147 706 2209 artes
734 2161 826 2234 quae
854 2138 999 2237 pridem
1023 2142 1142 2217 cultae

61 2241 119 2317 illis
137 2244 352 2341 praesertim
374 2238 602 2339 temporibus
624 2239 671 2312 ad
691 2240 956 2314 consolandum
980 2241 1143 2318 animum

62 2353 88 2418 et
102 2370 142 2420 ex
162 2345 350 2419 communi
373 2344 539 2418 omnium
559 2343 740 2416 bonorum
759 2344 909 2417 tristitia
931 2345 1143 2444 erigendum

61 2446 204 2523 inrimis
231 2458 338 2547 aptae
367 2471 444 2521 esse
479 2446 711 2522 videbantur.
765 2443 872 2521 Forte
902 2441 1035 2522 accidit
1057 2457 1144 2523 uta

59 2473 144 2626 liris
168 2549 334 2650 Gregorii
367 2547 540 2650 Nysseni,
584 2550 688 2623 cuius
717 2550 840 2624 studio
872 2576 957 2624 cnm
984 2548 1144 2626 maxime

60 2653 205 2748 tenebar,
231 2654 278 2728 ad
301 2653 483 2754 quaedam
496 2650 649 2726 Maximi
666 2647 905 2746 Confessoris,
932 2652 1144 2754 philosophi

60 2757 263 2855 gravissimi,
291 2758 426 2856 scripta
446 2755 625 2846 deferrer,
653 2757 757 2830 cuius
781 2767 823 2829 ut
846 2756 993 2831 difficili
1018 2767 1053 2832 et
1077 2757 1143 2831 im·

93 2861 161 2936 dito
196 2885 257 2936 me
271 2883 415 2961 ¹genere
445 2857 546 2932 haud
579 2882 659 2932 raro
695 2859 932 2958 defatigatum
963 2885 1039 2935 esse
1071 2884 1144 2933 non

79 2961 86 2980 ’
122 2975 217 3056 teor,
254 2964 304 3038 ita
335 2973 371 3037 et
393 2962 659 3036 sententiarum
682 2961 910 3036 sublimitate
934 2974 970 3036 et
994 2963 1143 3062 placito·

60 3084 124 3140 rum
148 3066 318 3157 veritate,
354 3092 373 3139 e
403 3065 563 3163 limpido
599 3065 662 3163 pii
684 3091 725 3140 ac
750 3066 882 3141 sinceri
904 3067 1018 3140 animi
1044 3069 1146 3141 fonte

59 3177 254 3272 temperata,
278 3168 501 3244 mirabiliter
516 3178 678 3243 erectum
694 3179 730 3242 et
745 3179 893 3244 auctum
909 3195 970 3243 me
988 3193 1065 3243 esse
1080 3168 1143 3242 ho·

61 3268 105 3346 die
119 3273 292 3376 gratum.
334 3269 441 3363 Quod
461 3273 558 3346 enim
572 3267 727 3345 Photius
741 3269 895 3372 Myriob.
912 3273 992 3346 cod.
1004 3266 1143 3345 CXCII.

34 3376 124 3467 ·(col.
145 3373 229 3450 501.
252 3377 307 3451 cd.
332 3372 506 3470 Hoesch.)
540 3375 584 3448 de
611 3374 684 3449 alio
710 3373 863 3449 Maximi
888 3400 996 3474 opere
1020 3375 1144 3466 sensit,

61 3481 241 3554 orationem
262 3479 341 3553 eius
368 3480 540 3553 refertam
563 3477 794 3576 hyperbatis,
823 3478 1142 3554 circumductioni-

60 3575 404 3681 bus-verborumque
432 3580 733 3655 translationibus
760 3581 1009 3672 laborantem,
1044 3580 1145 3654 haud

32 3744 35 3775 ,
60 3701 123 3757 raro
145 3685 404 3760 obscuritatem
427 3693 462 3757 et
485 3683 743 3759 difficultatem
770 3708 897 3785 parere
922 3683 1143 3782 legentibus,

31 3778 109 3860 ised
134 3789 164 3862 si
195 3789 255 3862 cui
281 3797 426 3887 gratum
455 3788 503 3860 sit
525 3788 695 3886 anagogis
720 3798 755 3862 et
774 3785 1154 3885 contemplationibus·
1255 3821 1260 3829 ·

29 3864 201 4009 luentem
230 3891 441 3990 implicare,
478 3914 666 3988 nunquam
698 3915 780 3964 eum
804 3915 890 3963 sane
912 3898 1145 3990 reperturum

28 4020 33 4089 j
61 4014 121 4068 csse
148 3993 227 4068 illis
254 4004 318 4068 aut
349 3993 465 4094 magis
496 3993 598 4068 varia
624 4003 687 4065 ant
711 3993 923 4090 diligentius
946 3978 1159 4084 elaborata‘

27 4104 40 4159 t·
58 4090 208 4195 inprimis
229 4120 318 4171 vero
341 4096 479 4196 ubique
498 4096 644 4171 elucere
664 4096 735 4169 viri
758 4095 930 4195 pietatem
954 4106 989 4172 et
1009 4119 1146 4197 purum

26 4166 33 4289 i
57 4197 296 4302 sincerumque
312 4195 449 4275 Christi
472 4200 707 4291 desiderium,
734 4199 773 4273 id
797 4200 978 4276 iudicium
1002 4199 1048 4273 de
1070 4223 1144 4271 ma·

23 4298 29 4413 'l
55 4298 119 4380 iore
134 4327 282 4404 operum
298 4300 451 4380 Maximi
468 4312 570 4403 parte
588 4304 864 4403 pronuntiatum
881 4313 1001 4402 potest
1013 4301 1145 4376 videri.

10 4456 25 4661 l
