2768 4784
10 26 21 369 l
725 286 730 293 ,

58 385 100 438 ter
128 384 264 463 mamas,
280 385 343 454 est,
376 380 557 454 nullumque
579 387 682 441 mente
704 383 829 440 omnino
850 382 969 442 lacinus
993 388 1046 442 aut
1068 384 1169 442 consi·

57 465 124 525 lium
155 470 212 531 ant
235 466 400 544 cogltatum
422 467 579 542 concepit,
614 467 724 540 quibus
746 472 855 528 natura
878 483 915 528 ac
937 469 1069 546 cognitio
1092 483 1168 543 qna-

60 550 249 637 literpunque
283 553 437 637 existens,
460 553 559 613 omnis
597 553 848 629 qualitercunque
883 555 1005 631 cogitati
1040 553 1168 615 succidit

58 642 150 711 etque
177 643 322 717 apparet,
358 641 393 698 ut
421 655 491 700 eum
520 638 610 699 decet
639 639 690 712 qui
719 637 837 712 lesum,
869 640 973 700 caelos
994 645 1080 700 trans
1104 656 1168 701 res·

58 738 162 797 inme.
178 724 301 785 sincere
328 724 467 786 sectandi
496 724 656 786 consilium
685 727 779 802 cepit,
813 725 915 786 divina
944 726 1012 786 luce
1042 657 1168 787 osfensa

59 825 163 876 rernm
197 825 322 887 quoque
356 810 465 873 eidem
495 826 596 873 rerum
625 816 767 886 naturae,
811 817 958 886 quantum
989 812 1108 888 quidem
1138 811 1167 872 id

13 932 18 951 ι
58 895 170 958 bomin
191 895 278 972 licei,
305 899 480 976 cognitione
501 899 600 974 possit
619 898 722 959 imbui.

57 1075 328 1180 Contemplatio
361 1083 465 1157 modi
501 1107 573 1182 quo
606 1084 638 1157 is
672 1085 736 1181 qui
769 1083 838 1158 deo
865 1107 931 1183 per
956 1084 1081 1158 omnin
1103 1085 1166 1159 ob·

104 1186 367 1363 {mpertav'erit
389 1195 465 1262 tam
488 1186 695 1261 naturalem
720 1211 829 1286 quam
852 1187 1024 1287 scriptam
1045 1187 1165 1287 legem

149 1310 238 1388 pere

163 1421 281 1483 Etenim
312 1425 336 1484 si
370 1427 470 1485 omnis
500 1440 600 1486 rerum
625 1431 733 1486 natura
754 1426 784 1484 in
807 1424 1013 1501 intellegibiliu
1035 1440 1073 1484 ac
1095 1439 1167 1484 sen·

58 1507 155 1568 sibilla
177 1508 334 1586 dividitur,
359 1517 389 1572 et
411 1510 510 1573 altere
531 1518 563 1573 et
584 1511 726 1572 dicuntur
748 1515 778 1572 et
800 1515 874 1573 sunt
895 1515 1038 1584 aeterna,
1060 1515 1094 1571 ut
1116 1513 1166 1585 qui

10 1564 20 1685 Ι
57 1595 86 1653 in
114 1597 298 1658 aeternitate
325 1599 507 1658 existentiae
534 1599 650 1659 initium
681 1604 844 1674 ceperunt,
879 1597 974 1658 altera
996 1612 1067 1657 vero
1089 1601 1167 1656 tem·

57 1680 188 1759 porelia,
210 1688 323 1763 utpote
343 1685 373 1742 in
395 1689 531 1760 tempore
549 1685 644 1758 tacta,
675 1685 699 1744 si
722 1684 774 1743 illa
795 1700 887 1760 porro
909 1683 1075 1745 intellectui
1096 1698 1167 1743 suc-

57 1765 176 1842 clduru,
207 1766 285 1829 baec
316 1771 440 1842 sensui,
473 1775 595 1847 propter
621 1771 855 1848 inseparabilem
886 1771 961 1844 vim,
991 1770 1068 1831 baec
1088 1771 1169 1830 inter

58 1868 91 1913 se
120 1854 179 1915 sibi
208 1854 417 1931 copulantem,
455 1858 648 1932 proprietatis
680 1857 856 1918 naturaliter
885 1856 1029 1917 relativae
1059 1854 1166 1934 (multa

58 1939 137 2000 enim
166 1939 209 2001 ad
228 1941 383 2002 intellectu
405 1942 647 2020 intellegentium
670 1947 719 2004 est
740 1948 771 2003 et
792 1944 833 2004 ad
855 1943 1011 2004 sensibilia
1033 1944 1166 2003 sentien-

58 2026 129 2088 tium
163 2026 287 2103 relatio,
327 2027 421 2090 homo
460 2034 561 2090 autem
596 2045 635 2091 ex
671 2031 775 2090 anima
809 2034 839 2090 ct
872 2045 1000 2104 corpore
1030 2029 1166 2089 sensibili

57 2118 205 2174 consuas
235 2115 365 2176 naturali
394 2119 425 2176 et
454 2121 560 2177 mutua
589 2116 629 2176 ad
656 2121 832 2192 utramque,
846 2114 1026 2176 conditionis
1048 2120 1165 2190 partem

10 2268 13 2276 ,
58 2198 205 2269 relatione
234 2207 326 2277 atque
355 2201 540 2277 proprietate
562 2207 624 2262 tani
648 2202 902 2263 circumscribitur
924 2215 1015 2275 quarn
1038 2203 1167 2260 circum-

10 2290 16 2317 ²
58 2286 176 2363 scribit,
206 2285 334 2348 alterum
354 2289 507 2361 essentia,
535 2288 662 2348 alterum
684 2293 851 2364 potestate,
881 2292 986 2363 utpote
1005 2289 1166 2363 suiipsius

57 2374 193 2449 partibus
213 2374 244 2432 ia
266 2373 345 2434 baec
365 2380 543 2451 separatus,
568 2380 597 2434 et
619 2375 696 2436 haee
719 2391 773 2451 per
795 2374 933 2451 proprias
952 2379 1054 2451 partes
1073 2373 1167 2435 coad-

10 2420 17 2529 Ι
57 2472 157 2519 anans
185 2464 217 2520 et
245 2459 419 2522 attrahens:
461 2462 715 2521 circumscribitur
746 2463 825 2520 enim
855 2459 1100 2537 intellegibilibus
1130 2476 1166 2519 ac

10 2536 18 2613 f·
58 2540 271 2622 sensibilibus,
307 2547 418 2623 qnippe
451 2547 554 2608 anima
590 2553 638 2606 est
666 2553 697 2607 et
725 2546 867 2624 corpus,
889 2552 919 2606 et
949 2547 1167 2606 circumscribit

10 2708 13 2717 Ι
57 2630 134 2693 baec
155 2631 197 2692 de
218 2637 387 2709 potestate,
421 2633 534 2709 quippe
555 2633 736 2711 intellegens
758 2639 788 2693 et
809 2632 961 2693 sentiens:
994 2632 1072 2693 deus
1095 2648 1167 2693 vero

10 2724 14 2827 t
57 2715 233 2795 simpliciter
261 2722 292 2779 et
321 2719 435 2780 infinite
465 2736 558 2795 super
580 2735 700 2780 omnem
723 2735 822 2780 rerum
847 2725 986 2780 naturam
1010 2726 1073 2793 est,
1104 2724 1165 2778 tarn

10 2830 12 2865 ι
57 2818 149 2881 snper
172 2819 210 2864 ea
233 2820 312 2881 quae
334 2805 523 2866 circumdant
544 2822 636 2880 quern
660 2821 739 2882 quae
762 2805 987 2867 circumdantur
1013 2820 1166 2882 superque

10 2886 14 2981 j
57 2884 200 2961 naturam
222 2906 327 2952 eoram
350 2894 417 2953 sine
440 2893 552 2968 quibus
574 2891 651 2952 haec
674 2909 734 2954 non
759 2898 845 2963 sunt,
878 2894 1023 2969 temporis
1046 2892 1114 2953 dico
1138 2896 1168 2952 et

10 2988 12 2997 ·
57 2977 246 3039 salemitano
274 2983 304 3038 et
324 2977 396 3052 loci,
432 2978 543 3054 quibus
565 2979 749 3040 universitas
771 2979 1031 3052 circumcluditur,
1062 2983 1166 3054 utpote

10 3076 15 3195 Ι
56 3063 139 3125 omni
157 3062 211 3124 ad
239 3064 401 3140 quidquam
432 3065 578 3126 relatione
600 3065 736 3143 carens),
759 3098 803 3110 --
834 3080 908 3141 ergo
931 3066 982 3138 qui
1004 3064 1169 3140 prudenter

10 3196 21 3223 ,.
57 3149 202 3229 conavit
228 3152 380 3227 quomodo
409 3151 500 3212 deum
523 3166 626 3211 amare
649 3149 787 3226 deberet,
820 3152 870 3225 qui
891 3153 1042 3211 rationem
1064 3156 1095 3210 et
1116 3166 1168 3211 co·

10 3232 12 3239 '
58 3236 224 3315 polimnear
252 3242 379 3313 superat
406 3242 435 3297 et
465 3237 669 3314 qualicunque
699 3238 823 3299 omnino
851 3238 934 3297 omni
962 3236 1109 3297 relatione
1139 3246 1169 3295 et

10 3298 13 3387 l
58 3328 165 3384 nemra
196 3320 271 3384 llber
299 3329 364 3398 est,
404 3325 429 3383 is
462 3325 565 3384 omnia
593 3323 751 3385 sensibilia
785 3328 876 3398 atque
902 3322 1110 3400 intellegibilis
1139 3327 1169 3382 et

10 3392 18 3455 l
58 3424 147 3471 omne
176 3412 299 3485 tempus
328 3415 358 3470 et
386 3411 597 3471 aeternitatem
628 3415 658 3469 et
686 3410 786 3470 locum
810 3411 877 3468 sine
899 3407 1045 3470 relatione
1067 3413 1169 3469 trans-

10 3491 15 3507 *
58 3494 228 3573 gradietur,
258 3500 288 3557 et
317 3497 400 3557 omni
429 3496 551 3559 demum
574 3511 610 3555 ac
633 3500 696 3556 tota
716 3500 746 3557 et
769 3495 905 3556 sensuali
927 3500 957 3555 et
977 3493 1116 3555 rationali
1138 3500 1168 3554 et

10 3638 12 3651 ,
58 3579 254 3643 intellectuali
278 3583 398 3642 actione
420 3582 510 3659 plane
533 3581 708 3642 denudatus
735 3581 926 3643 ineiiubiliter
948 3586 978 3641 et
1000 3582 1168 3657 incompre-

10 3670 12 3677 '
46 3664 246 3728 -hensibiliter
266 3667 416 3741 divinam,
441 3683 519 3742 quae
543 3669 667 3728 verbum
691 3674 721 3729 et
742 3668 928 3728 intellectum
952 3673 1091 3744 superat,
1116 3683 1168 3727 vo·

57 3750 207 3831 luptatem
236 3760 455 3829 consequetur,
489 3755 607 3814 ratione
630 3759 661 3814 et
684 3752 775 3813 niodo
798 3768 886 3828 quem
910 3759 1022 3814 norunt
1043 3752 1094 3827 qai
1116 3752 1169 3813 dat
1254 3797 1259 3806 .

58 3838 210 3903 eiusmodi
236 3841 364 3918 gratiam
386 3840 465 3902 deus
488 3845 518 3900 et
538 3839 581 3899 illi
602 3840 653 3914 qui
675 3856 744 3900 eam
766 3856 785 3900 a
807 3839 865 3899 deo
888 3841 1027 3916 accipere
1050 3853 1170 3899 merue-

46 3933 144 4001 mut,
182 3940 240 3987 nec
266 3927 407 3987 naturale
434 3924 508 4003 quid
529 3925 659 4001 amplius
683 3941 739 3987 nee
762 3927 906 4003 scriptum
931 3941 1035 3986 secum
1059 3924 1169 3999 lerens,

10 4080 17 4107 b
57 4017 223 4089 postquam
252 4013 398 4073 universa
425 4028 504 4094 quae
534 4011 593 4071 diei
616 4011 643 4071 ei
665 4017 719 4072 aut
742 4013 886 4088 cognosci
909 4016 1088 4088 potuerant,
1119 4029 1171 4073 su-

56 4103 165 4175 perata
186 4103 259 4183 sunt
279 4103 370 4175 atque
393 4097 513 4160 silentio
537 4098 712 4176 obsignata.

55 4286 81 4339 3.
103 4285 292 4353 Apcgraplrnm
311 4284 389 4337 babet
409 4280 618 4356 ὖποδείξᾳσθαι.

128 4372 152 4423 l.
171 4370 211 4429 cic
228 4364 317 4423 τὸπον
335 4372 393 4426 cod,
414 4370 481 4425 (iud.
