2752 4778
1181 166 1264 256 'd‘b

120 368 271 429 videlicet
292 367 387 427 vitam
408 370 565 426 aeternam
589 382 652 426 non
674 381 726 425 aer
746 366 921 442 inspirans,
956 383 1055 442 neque
1077 368 1238 444 sanguinis
1335 400 1338 406 ·

120 454 217 515 nauli
239 454 354 529 hepate
374 453 506 513 fluentes
529 455 732 527 constituunt,
768 451 824 513 sed
846 452 925 512 dens
948 459 1030 513 totus
1052 455 1125 514 totis
1146 455 1240 528 parti·

125 542 268 616 aipatus,
297 545 329 599 et
357 540 479 598 animae
507 540 539 597 in
564 538 687 598 modum
710 537 750 598 ad
772 555 883 613 corpus
906 540 1026 598 animae
1048 544 1079 599 et
1100 556 1153 616 per
1175 545 1239 600 rne-

127 626 212 688 diam
242 628 376 687 animam
406 626 446 685 ad
468 642 580 701 eorpus
600 625 716 695 iactus,
742 626 821 684 sicut
844 627 925 684 novit
946 626 1027 700 ipse,
1057 632 1091 686 nt
1113 641 1151 686 ea
1173 628 1239 701 qui·

128 713 199 775 dem
228 712 549 773 inconversibilitatem
579 713 723 786 accipiat,
753 710 827 770 illud
848 727 921 771 reru
942 713 1238 787 immortabilitnlem,

130 806 161 859 et
186 804 273 861 totns
297 797 389 858 homo
410 797 565 858 deificetur
585 814 641 874 per
661 796 854 856 inhumanati
875 797 924 857 dei
946 799 1072 875 gratiam
1096 799 1240 860 deifican-

130 888 184 961 tis3
214 892 298 945 totus
321 884 443 959 qnidam
464 884 557 944 homo
579 899 708 944 manens
732 884 900 944 secundum
922 884 1054 944 animam
1077 891 1107 944 et
1128 901 1239 963 corpus

130 976 364 1047 permaturum,
392 976 424 1029 et
445 975 527 1030 totus
548 969 648 1029 factus
671 970 748 1029 dens
773 971 942 1030 secundnm
964 972 1097 1031 animam
1120 978 1151 1033 et
1172 988 1241 1032 cor·

132 1074 189 1134 pos
217 1074 275 1135 per
302 1057 446 1134 gratim,
489 1061 519 1116 et
547 1056 777 1116 convenientem
807 1058 864 1116 sibi
893 1073 947 1132 per
975 1062 1072 1116 totum
1106 1057 1240 1119 divinam

132 1147 243 1205 beatae
268 1143 386 1222 gloriae
416 1143 599 1217 claritatem,
631 1148 700 1217 post
728 1159 819 1218 qnam
841 1141 916 1201 nihil
937 1148 985 1202 est
1007 1142 1046 1201 ad
1069 1143 1241 1221 intelligen-
1273 1202 1280 1217 ,

131 1230 203 1291 dum
224 1229 356 1290 lucidius
380 1237 434 1290 aut
457 1229 621 1289 excelsius.
668 1227 746 1301 Quid
768 1231 848 1288 enirn
870 1225 1036 1308 θεώσεως,
1056 1229 1086 1288 id
1108 1235 1155 1290 est
1176 1231 1240 1291 dei-

130 1317 273 1378 licatione
303 1315 403 1393 dignis
434 1315 613 1387 amabilius,
647 1330 701 1390 per
732 1331 824 1389 qnam
845 1315 923 1375 deus
946 1315 1003 1374 diis
1025 1316 1114 1376 factis
1137 1319 1239 1377 unitus

132 1404 256 1463 omnino
279 1403 505 1463 universitatem
529 1417 618 1461 suam
639 1401 711 1460 iacit
732 1418 785 1476 per
807 1400 995 1462 bonitatem?
1039 1402 1085 1470 Ac
1105 1419 1160 1480 per
1180 1403 1240 1464 hoe

132 1488 364 1550 delectationem
401 1495 431 1548 et
469 1489 645 1563 passionem
681 1493 712 1546 et
740 1487 885 1564 gandium
916 1489 994 1548 bene
1022 1490 1240 1550 nominaverim

132 1575 224 1637 talem
254 1579 367 1637 statum
397 1577 449 1650 qui
476 1579 524 1634 est
551 1589 606 1650 per
634 1574 767 1633 divinam
790 1574 928 1634 notitiam
951 1581 982 1634 et
1004 1582 1240 1650 consequentem
1350 1603 1353 1624 ,-

133 1678 166 1722 se
194 1663 331 1723 laetitiae
359 1661 504 1722 fructum:
541 1660 773 1720 delectationem
802 1661 924 1735 quidem
954 1662 1077 1734 merito,
1107 1662 1178 1723 dum
1202 1660 1242 1722 'sit

132 1749 199 1808 linis
231 1747 415 1808 naturalium
443 1748 664 1822 operationum.
722 1745 771 1805 Sic
800 1747 880 1805 enim
907 1747 1138 1809 delectationem
1168 1747 1241 1808 defl-

134 1836 237 1909 ninnt;
275 1836 450 1910 passionem
480 1849 553 1892 vero
580 1833 674 1893 veluti
695 1833 911 1893 extendentem
933 1834 1073 1893 virtutem
1096 1833 1187 1895 etad
1210 1833 1240 1892 id

134 1921 213 1997 qnod
241 1918 313 1980 iacit
340 1919 371 1978 id
398 1919 479 1994 quod
509 1920 620 1994 patitur
649 1918 860 1994 inducentem,
893 1917 1063 1980 secundum
1090 1919 1241 1980 redditam

135 2008 212 2068 aeris
237 2007 277 2066 nd
298 2007 397 2067 lucem
421 2010 452 2065 et
472 2004 512 2064 ad
534 2007 637 2082 ignem
659 2005 728 2064 ferri
750 2005 1018 2082 paradigmaticam
1044 2022 1187 2079 cansam,
1211 2013 1242 2066 et

134 2093 306 2154 credibilem
328 2092 506 2159 naturaliter
529 2107 566 2152 ac
589 2107 675 2165 vere,
699 2108 798 2167 neque
819 2091 901 2151 alind
923 2092 1099 2166 quidesse,
1120 2097 1242 2170 praeter

136 2179 191 2241 hoc
219 2195 328 2239 eorum
357 2194 437 2253 quae
466 2185 539 2238 sunt
569 2178 748 2254 capitulum,
784 2179 844 2237 hoc
866 2183 913 2237 est
935 2180 1238 2252 consummationem,

136 2282 226 2342 qnam
243 2264 471 2339 impassibilitas
491 2270 660 2341 opportune
679 2266 829 2339 sequitur;
860 2264 1005 2341 gaudium
1025 2281 1146 2340 quoqne
1164 2266 1238 2338 iure,

136 2353 205 2413 dam
238 2350 314 2411 nihil
346 2351 460 2410 babeat
493 2352 749 2427 contrapositum,
790 2366 891 2424 neque
918 2352 1111 2426 praeteritum
1140 2366 1241 2426 neque

136 2439 286 2514 intnrum;
318 2437 467 2516 gandium
496 2437 577 2497 enim
609 2437 713 2496 dicunt
741 2452 841 2511 neque
862 2438 1013 2497 tristitiam
1037 2454 1131 2498 nosse
1153 2453 1241 2513 prae·

135 2527 267 2599 oeriwm,
302 2539 401 2599 neque
431 2541 469 2583 ex
490 2524 599 2583 timore
620 2524 790 2583 satietatem
813 2531 1009 2598 accepturum
1031 2525 1074 2584 ire
1096 2530 1241 2599 spectan-

136 2611 222 2682 dam,
260 2611 340 2670 sicut
374 2609 545 2670 delectatio.
613 2608 696 2669 Unde
730 2612 822 2671 etiam
849 2609 943 2671 veluti
971 2611 1241 2671 demonstrativam

135 2696 369 2774 appellationem
398 2696 518 2756 futurae
546 2696 680 2755 veritatis
710 2698 929 2756 subsistentem
951 2697 1153 2758 decreverunt
1173 2698 1241 2759 ubi-

135 2800 192 2859 que
220 2789 252 2843 et
281 2798 300 2842 a
328 2783 386 2843 deo
416 2782 554 2857 inspirati
584 2799 743 2842 sermones
774 2788 804 2843 et
832 2785 937 2844 exeis
960 2784 1240 2862 divinasnpientes

135 2870 281 2949 mysterio
316 2867 422 2943 Patres
458 2869 563 2927 nostri.
628 2867 732 2942 ltaque
768 2868 1022 2943 quemadmodum
1050 2873 1081 2930 in
1109 2873 1241 2932 transitu

135 2961 262 3034 apparet
289 2970 343 3030 per
372 2971 421 3014 me
449 2954 623 3030 paululum,
657 2959 687 3013 et
716 2955 894 3015 naturaliter
922 2962 952 3015 et
979 2973 1033 3033 per
1062 2959 1240 3033 scripturum

133 3032 197 3103 ¹'et
219 3042 325 3102 Patres
348 3045 505 3101 ostensum
528 3047 593 3113 est,
616 3041 768 3115 quomodo
790 3041 907 3100 nullom
930 3059 1034 3102 eorum
1058 3045 1240 3118 quaefacta

135 3136 223 3204 sunt,
254 3143 390 3203 unquam
421 3128 499 3187 sistit
527 3133 629 3200 motu,
657 3143 757 3201 neque
786 3130 816 3186 in
848 3144 882 3188 se
910 3129 1078 3197 secundum
1107 3130 1240 3190 divinam

134 3214 377 3296 speculationem
413 3214 530 3289 accepit
564 3214 712 3288 quietem,
747 3230 814 3274 cum
845 3214 893 3274 bis
917 3230 1053 3290 qnoque,
1089 3216 1240 3291 quomodo

133 3300 321 3379 impossibile
350 3305 397 3358 est
425 3300 536 3360 indeo
558 3300 783 3374 permansionis
806 3300 965 3376 dignorum
989 3300 1169 3379 reprehendi
1192 3303 1242 3362 tir·

134 3390 280 3450 mitatem.
340 3385 497 3458 Quomodo
526 3387 606 3445 enim
636 3391 683 3445 est
711 3387 871 3460 possibile,
912 3393 944 3447 ut
974 3388 1021 3448 his
1050 3404 1130 3464 quae
1159 3388 1240 3450 dicta

135 3480 208 3536 sunt
234 3488 361 3550 parium
383 3472 536 3547 quoddam
560 3472 598 3532 ad
622 3473 877 3532 confirmationem
900 3491 938 3534 ex
962 3476 1241 3536 ratiocinationibus

135 3562 244 3624 murus
273 3558 473 3632 adiutorium,
509 3559 604 3619 semel
626 3560 656 3616 in
680 3558 736 3618 deo
760 3560 999 3621 substantialiter
1019 3562 1118 3622 iactos
1139 3564 1243 3640 ingra-

136 3654 198 3709 tam
221 3663 276 3723 per
296 3645 479 3706 desiderium
502 3646 659 3720 accepisse
682 3647 870 3719 satietatem,
900 3647 972 3707 dnm
996 3648 1093 3708 omnis
1117 3651 1241 3709 satietas

137 3733 306 3796 meandum
335 3748 424 3793 snam
454 3732 602 3791 rationem
631 3737 661 3791 et
690 3730 896 3792 definitionem
925 3737 1091 3794 constituta
1120 3735 1242 3796 deside·

137 3822 213 3883 rium
235 3821 410 3896 extinguat,
441 3824 472 3877 et
493 3816 662 3878 secundum
685 3818 763 3877 duos
787 3819 987 3879 constituatur
1008 3821 1126 3880 modos.
1182 3821 1243 3883 Aut
1360 3885 1362 3888 ,

139 3908 217 3968 enim
239 3920 320 3982 qnae
343 3906 480 3966 sublecta
502 3909 574 3963 sunt
596 3904 688 3965 veluti
719 3919 814 3978 parva
839 3906 1091 3966 circumscribens
1121 3908 1242 3970 deside-

141 3994 213 4056 rium
236 3992 402 4069 extinguit,
425 3998 478 4052 ant
500 3995 647 4066 spernens
670 3989 762 4050 veluti
784 3992 883 4068 turpia
905 4007 941 4051 ac
962 3992 1110 4056 deformia
1128 3997 1242 4058 abomi-

143 4084 243 4154 natur,
266 4095 307 4140 ex
328 4077 378 4138 his
400 4079 529 4138 satietas
551 4077 614 4139 lieri
636 4077 802 4138 consuevit.
847 4077 928 4139 Deus
947 4096 1020 4141 vero
1043 4088 1155 4144 natura
1171 4083 1243 4145 sub-

148 4282 184 4334 tt.
203 4279 406 4346 συνιστάμενον
423 4281 466 4332 ed.
485 4281 541 4334 Gal.

208 4369 249 4420 Ὦ.
269 4367 368 4418 Vocula
384 4371 413 4418 et
431 4367 594 4418 desideratur
612 4368 638 4415 in
656 4367 696 4418 ed.
716 4367 787 4418 Gale.
