2768 4784
1158 175 1228 257 ili

124 384 145 430 u
174 369 324 436 omnibus
354 373 421 440 est,
453 369 566 444 quique
590 367 693 428 omnia
716 382 774 427 sua
796 365 835 426 de
857 366 994 427 bonitate
1014 365 1232 427 intellectualia

122 473 252 534 corpus,
270 454 442 517 sensualia
463 450 689 528 indumentum,
719 454 858 515 coniecit.
903 452 947 512 De
970 452 1080 529 quibus
1101 451 1233 516 fortasse

122 544 237 604 dictum
265 557 339 603 esse
366 546 476 618 putare
496 557 559 603 non
579 541 715 617 ineptum
733 545 786 601 est
798 538 898 610 iliud,
932 537 1064 614 ,Omnes
1084 544 1118 598 ut
1138 538 1233 617 vesti-

122 635 263 699 mentum¹
283 622 518 699 vetustescent'r,
547 634 670 710 propter
690 628 844 688 interitum
867 640 968 687 rerum
991 640 1072 699 quae
1092 624 1233 686 videntur

122 715 281 777 intellectu
310 715 514 792 superiorem,
553 719 601 790 ,et
628 720 662 773 ut
690 713 834 774 amictum
857 716 958 772 vertes
981 727 1051 787 cos,
1080 716 1111 772 et
1133 716 1233 772 muta·

122 805 263 876 tantur‘,
286 807 411 877 propter
432 804 623 877 expectatam
645 799 878 861 immortalitatis
900 799 1040 877 gratiam.

122 1009 175 1085 De
207 1008 374 1109 quinque
406 1006 528 1091 modis
555 1004 873 1106 contemplationis
899 1002 1079 1080 naturalis
1108 1000 1233 1079 brevis

168 1111 366 1213 expositio

227 1262 277 1322 Ad
304 1259 383 1322 llaec
410 1277 482 1323 vero
514 1263 605 1322 etiam
639 1261 773 1321 rationes
807 1274 1045 1337 cognoscemus,
1080 1261 1233 1318 extremas

122 1346 265 1409 videlicet
298 1354 464 1424 nostroque
498 1349 601 1425 captui
630 1352 769 1424 apertas,
809 1361 938 1422 quarum
967 1346 1040 1405 data
1068 1349 1116 1405 est
1146 1345 1233 1419 quusi

122 1430 271 1511 magistra
299 1428 448 1506 conditio,
484 1441 515 1495 et
544 1435 675 1510 quinque
705 1428 775 1492 'curu
801 1433 839 1491 iis
867 1431 1068 1492 cohaerentes
1097 1435 1234 1512 contem-

122 1520 266 1596 plationis
289 1520 415 1592 modos,
438 1521 546 1595 quibus
569 1520 792 1596 distinguentes
815 1518 1019 1593 conditionem
1041 1516 1141 1578 sancti
1163 1532 1233 1577 curn

122 1602 236 1682 pietate
257 1608 413 1684 ¹'mysticas
440 1607 472 1665 in
502 1622 539 1666 ea
570 1608 631 1676 sibi,
656 1604 845 1682 collegerunt
873 1606 1025 1679 rationes,
1064 1605 1095 1664 in
1125 1618 1234 1663 essan-

122 1693 210 1767 tiam,
235 1698 268 1753 et
289 1698 421 1763 motum,
444 1698 479 1752 et¹
496 1692 711 1766 differentiam,
742 1691 916 1753 mixtionem
940 1695 1032 1766 atque
1053 1691 1234 1767 positionem

122 1777 284 1855 dispertiti.
330 1778 464 1852 Quorum
487 1774 646 1840 modorum
668 1784 730 1838 tres
752 1777 958 1854 principaliter
980 1792 1052 1836 esse
1070 1776 1235 1854 adcogni-

122 1860 243 1925 tionem¹
264 1863 314 1923 dei
341 1869 430 1940 aptos
458 1871 489 1924 et
518 1867 606 1940 quasi
634 1862 885 1925 manuductorios
914 1862 1053 1939 prolatos
1081 1861 1245 1937 dixerunt,

122 1966 215 2011 unum
238 1949 369 2027 primum
392 1952 563 2027 esseutiae,
593 1950 720 2011 alierum
744 1956 861 2025 motus,
891 1949 1013 2029 tertium
1035 1946 1233 2022 differentiae,

122 2050 174 2111 per
196 2035 283 2111 quod
305 2037 383 2097 deus
404 2036 560 2114 homiuum
584 2037 699 2096 notioni
722 2052 757 2097 se
779 2035 866 2096 otiari
887 2051 927 2095 ex
948 2037 1038 2094 rebus
1062 2048 1142 2109 quae
1163 2038 1245 2094 sunt.

122 2120 235 2182 iudicia
264 2121 331 2182 eius
360 2122 582 2200 colligentium,
616 2126 650 2183 ui
672 2122 793 2182 artificis
817 2128 847 2182 et
869 2121 1035 2197 provisoris
1057 2126 1095 2187 et¹
1109 2119 1235 2179 iudicis:

122 2207 202 2269 duos
232 2224 309 2287 vero
336 2209 471 2284 prolatos
501 2225 572 2270 esse
597 2210 714 2284 quibus·
727 2210 956 2268 institueremur
977 2205 1018 2266 ad
1041 2207 1180 2267 virtutem
1203 2211 1235 2266 et

122 2293 359 2355 familiaritatem
380 2311 449 2356 cum
472 2296 545 2370 dea,
569 2296 723 2355 mixtionis
747 2302 777 2355 et
798 2294 976 2370 positionis,
993 2308 1052 2368 per
1074 2306 1151 2367 quos
1173 2291 1234 2351 ior·
1304 2318 1311 2331 ·

122 2378 224 2441 malus
254 2379 347 2440 homo
376 2381 453 2443 deus
481 2382 548 2453 liat,
577 2380 668 2443 deum
695 2381 759 2441 deri
786 2396 899 2457 passus
927 2394 966 2441 ex
989 2379 1026 2437 iis
1050 2392 1128 2454 quae
1151 2382 1233 2454 sunt,

122 2465 193 2527 dum
228 2480 320 2533 omne
351 2466 400 2527 dei
430 2467 468 2547 de
497 2468 634 2528 bonitate
664 2467 861 2527 simulacrum
889 2469 990 2526 mente
1018 2465 1109 2541 quusi
1140 2465 1232 2538 videt,

122 2558 150 2613 et
172 2546 417 2614 sincerissimum
441 2547 498 2630 s'iivi
523 2555 581 2630 ipsi
601 2553 788 2614 rationaliter
809 2552 840 2611 id
863 2552 985 2630 attingit.
1043 2550 1129 2624 Quod
1153 2551 1233 2611 enim

122 2639 172 2714 pia
201 2639 394 2717 cognitione,
430 2641 532 2723 aiunt,
566 2656 642 2716 pura
673 2655 760 2699 mens
788 2640 929 2715 percipit,
963 2638 1022 2697 hoc
1050 2638 1141 2699 ctiam
1172 2637 1235 2713 pati

122 2728 239 2801 potest,
271 2725 371 2799 ipsum
400 2725 473 2786 illud
503 2725 674 2787 secundum
704 2725 841 2785 habitum
872 2741 926 2802 per
955 2725 1094 2785 virtutem
1122 2723 1233 2791 evadit.

122 2807 239 2886 veluti,
271 2813 439 2873 essentiam
468 2828 539 2872 esse
568 2805 742 2891 theologiae
771 2812 967 2888 magistram,
997 2826 1052 2886 per
1074 2824 1165 2887 quam
1186 2825 1236 2870 re·

122 2910 187 2956 ratu
217 2911 300 2973 quae
322 2902 396 2959 suut
416 2914 544 2960 causam
565 2902 750 2974 quaerentes
773 2913 828 2972 per
849 2899 934 2973 ipsas
958 2896 1039 2972 quod
1062 2899 1124 2957 sint
1144 2896 1235 2956 doce·

122 2996 205 3053 mur,
228 2982 303 3058 quid
323 2984 448 3044 tandem
472 2986 533 3044 sint
554 2984 723 3045 secundum
748 2984 914 3044 essentium
938 2998 1126 3061 cognoscere
1148 2981 1233 3042 haud

122 3071 324 3144 temptantes,
358 3071 429 3145 quia
457 3086 515 3147 nec
543 3070 696 3147 proditum
725 3070 824 3129 estin
847 3071 939 3130 rebus
963 3083 1042 3142 quae
1061 3073 1136 3128 sunt
1157 3068 1235 3127 indi-

122 3154 218 3231 ciam,
254 3170 309 3231 per
336 3154 418 3239 quod
448 3155 496 3216 vel
525 3157 719 3232 aliquatenus
747 3162 893 3231 tanquam
922 3170 976 3231 per
1005 3159 1165 3215 causatum
1194 3150 1233 3213 ad

122 3254 253 3302 numm
282 3256 493 3320 emergamus:
530 3243 696 3303 motionem
725 3257 797 3301 vero
825 3241 997 3319 significare
1025 3254 1127 3300 rerum
1154 3238 1234 3313 quae

122 3328 192 3387 mni
218 3326 468 3403 providentiam,
491 3343 552 3403 qua
581 3344 687 3389 earum
717 3341 796 3402 quae
824 3327 907 3387 iacta
936 3332 1008 3387 sunt
1037 3324 1233 3387 essentialem

122 3412 273 3487 tutusque
302 3412 341 3472 ad
364 3416 498 3490 speciem
520 3413 738 3487 immutabilem
761 3412 966 3486 identitatem,
993 3413 1168 3489 pariterque
1188 3411 1236 3469 in-

122 3499 300 3561 eminatam
323 3500 437 3560 exitum
461 3499 718 3576 contemplantes,
740 3497 922 3559 ineffabilem
945 3498 1029 3560 illum
1052 3499 1101 3573 qut
1121 3512 1235 3558 arcano

122 3584 248 3647 uitatis
278 3584 400 3646 vinculo
429 3587 563 3647 continet
593 3592 686 3660 atque
708 3589 812 3645 servat
833 3586 977 3646 universa
999 3587 1076 3645 inter
1099 3600 1135 3646 se
1156 3585 1235 3643 bene
1279 3634 1286 3643 .

122 3664 448 3732 lacrela'secundum
471 3673 606 3732 rationes
627 3671 738 3746 quibus
762 3661 883 3748 singula
906 3685 1047 3746 quaeque
1064 3671 1237 3731 subsistunt

122 3755 356 3837 cognoscimus:
392 3756 592 3818 differentiam
622 3762 723 3817 autem
753 3771 826 3817 esse
855 3757 957 3817 iudicii
989 3756 1137 3832 indicem,
1174 3769 1234 3831 qua

122 3860 150 3905 rx
180 3841 322 3903 naturali
351 3843 381 3903 tn
404 3845 513 3919 quovis
535 3859 641 3904 eorum
664 3857 745 3918 quae
768 3848 839 3903 suut
862 3842 900 3904 ad
922 3842 951 3903 id
969 3841 1058 3918 'quod
1080 3843 1236 3923 essentiae

122 3930 263 3991 malacei
295 3932 464 4005 temperata
499 3933 650 4006 potestate
686 3929 838 3990 rationum
876 3928 914 3989 ad
944 3928 1067 4007 singula
1096 3942 1235 4005 quaeque

122 4013 337 4083 attinentium
366 4014 612 4092 dispensatorem
643 4015 812 4090 sapientem
842 4015 933 4074 deum
963 4031 1035 4076 esse
1056 4014 1235 4077 edocemur:

122 4098 344 4172 providentiam
375 4117 447 4163 vero
470 4099 600 4162 attribuo
621 4101 802 4176 intellectui,
832 4116 893 4161 non
917 4101 1130 4162 conversivam
1151 4102 1235 4163 illam

122 4192 149 4245 at
178 4184 273 4261 quasi
301 4188 531 4248 oeconomicam
557 4187 737 4249 removendi
767 4203 820 4247 eos
850 4189 960 4262 quibus
993 4188 1169 4263 providetur
1196 4189 1235 4249 ab

122 4270 165 4331 ais
194 4285 278 4347 uuae
308 4288 371 4334 nou
400 4289 480 4350 opus
510 4280 583 4336 sunt
612 4273 652 4335 ad
682 4289 720 4335 ea
749 4289 828 4350 quae
857 4279 945 4350 sunt,
979 4273 1035 4335 sed
1064 4290 1131 4337 eam
1155 4289 1235 4350 quae

125 4357 301 4419 uuiversum
329 4358 390 4419 hoc
418 4358 553 4422 continet
581 4365 612 4420 et
639 4360 799 4441 rationum,
814 4361 923 4437 quitos
945 4361 975 4420 in
998 4361 1145 4438 principio
1166 4376 1236 4435 pro-
1346 4410 1352 4419 .
