2752 4778
1060 182 1133 262 lat

21 374 151 435 vtucat‘
206 370 340 433 Etenim·
354 372 454 433 littera
484 384 604 447 quoque
633 389 688 449 per
716 388 750 432 se
779 369 877 431 solam
905 370 1015 433 dilecta
1042 372 1136 432 ratio-

23 476 95 523 nem
118 459 179 521 sibi
198 458 418 519 inhabitantem
441 456 636 535 diligentibus
658 458 827 519 interlicere
849 459 1024 532 consuevit,
1047 458 1136 519 sicuti

23 548 116 609 adam
145 560 254 607 corum
282 560 363 621 quae
392 548 496 604 creata
526 549 597 604 sunt
625 543 835 621 pulchritudo,
869 545 895 603 si
925 560 985 603 non
1014 545 1044 603 in
1068 546 1135 605 eius

25 634 75 711 qul
89 630 250 693 '‘condidii
276 631 423 709 ¹gloriam·
446 635 602 705 speciatur
636 631 777 692 rationali
806 631 991 691 verecundia
1017 631 1136 708 privare

25 722 219 797 spectatores
241 716 327 778 solet.
378 719 426 776 'ilc
452 730 559 777 rursus
590 717 801 796 evangelium,
838 714 888 791 ,Si
917 733 978 776 nou
1007 714 1136 787 mutitati

26 810 137 867 uacui
154 802 225 864 dias
246 803 319 875 illl‘,
353 802 414 863 lroc
435 808 483 863 esi
505 804 674 879 nequitiae,
710 805 826 878 ,amnis
856 820 928 865 caro
951 818 1013 863 uon
1036 798 1138 863 salva‘·

27 893 139 965 retur‘,
173 890 234 951 hcc
254 895 303 951 esi
323 891 425 950 omnis
446 889 486 950 de
507 890 565 949 deo
587 891 637 965 pta
661 891 813 967 cogitatio.
859 889 1034 951 ltlutilanlur
1056 888 1136 948 enirn

27 978 194 1055 nequitiae·
214 975 298 1051 dies,
332 992 402 1037 cum
432 976 636 1036 errabundum
667 975 746 1051 quod
776 992 830 1036 eos
859 976 932 1036 tacit
954 974 1139 1036 sensualiter

28 1064 174 1126 luillcinm
203 1078 224 1123 a
251 1063 368 1123 ratione
399 1064 661 1139 circumscriptum
690 1065 744 1138 sit',
775 1067 866 1137 atque
889 1060 1061 1138 post'·‘ptam
1083 1074 1138 1137 per

27 1150 109 1213 bana
137 1150 383 1211 iustificationem
413 1150 632 1209 retrocesserit.
688 1147 735 1209 Ab
758 1147 945 1231 Antichristo
968 1149 1048 1209 enim
1071 1148 1139 1206 car'·

29 1238 75 1297 als
111 1234 165 1295 lex
198 1232 273 1317 nibil
308 1232 419 1309 differt,
461 1250 583 1311 semper
618 1236 782 1310 antiquans
818 1235 925 1311 spiritu
959 1239 988 1295 ei
1017 1232 1138 1293 divinae

29 1322 126 1399 ipsius
142 1321 210 1398 lagi
232 1322 388 1403 opposita,
424 1337 523 1395 usqne
547 1321 618 1381 dum
642 1336 793 1396 praesens
815 1322 876 1380 vita
898 1322 943 1380 eis
967 1320 1017 1397 qui
1040 1320 1138 1380 abac

31 1408 152 1471 dariuct
175 1422 211 1467 se
230 1409 317 1483 passi
339 1412 412 1468 suut
433 1412 521 1484 grata
543 1412 637 1483 atque
658 1408 790 1468 iucunda
812 1411 875 1481 est,
912 1412 943 1467 et
963 1406 1039 1468 ratio
1061 1410 1139 1481 non-

32 1494 101 1555 dmu
124 1495 234 1554 oborta
255 1494 349 1553 verbo
371 1495 532 1575 potestatis
555 1494 728 1564 sustulerit,
764 1493 927 1553 dividendo
951 1490 1078 1553 mortale
1100 1492 1139 1551 a'b

32 1578 194 1641 inmortali
222 1584 253 1639 ei
282 1594 406 1657 gravem
436 1592 476 1639 ex
502 1579 643 1639 libertate
671 1579 852 1658 expellendo
882 1580 1078 1653 servitutem,
1109 1582 1140 1637 et

34 1666 191 1729 rerliatem
216 1666 316 1741 ipsam
342 1681 397 1742 per
425 1666 523 1741 ipsam
547 1665 705 1727 mendacio
727 1682 834 1742 puram
857 1664 1031 1737 afficiendo,
1068 1668 1098 1723 et
1120 1679 1139 1723 a

34 1752 141 1813 divinis
164 1756 259 1827 atque
279 1753 412 1812 aeternis
435 1752 606 1812 materialia
628 1757 718 1826 atque
740 1750 919 1829 temporalia
935 1748 1140 1819 secernendo,

35 1852 92 1915 qno
125 1853 216 1897 mens
247 1854 305 1915 per
338 1838 526 1898 sensualem¹
541 1854 611 1898 oum
639 1840 676 1898 iis
705 1838 938 1900 familiaritatem
967 1834 1140 1898 errabunda

35 1922 189 1986 declinare
209 1924 435 2000 irrationalique
458 1924 627 1985 adlectione
649 1926 822 1985 mortificari
844 1924 932 1984 solet.
990 1924 1036 1983 Ad
1059 1922 1141 1982 hanc

35 2016 133 2072 antem
163 2012 343 2086 praesertim
373 2016 415 2070 et·
429 2011 633 2089 principaliter
661 2012 693 2071 tit
720 2011 891 2071 descensus
914 2011 1040 2070 rationis
1065 2008 1139 2066 diti-

35 2098 122 2173 ιη,-
142 2095 251 2157 uide
276 2096 467 2175 ignorantiae
496 2102 593 2173 morte
623 2112 690 2158 eam
719 2098 895 2170 resuscitet,
930 2101 960 2154 et
988 2096 1026 2156 ab
1056 2093 1141 2153 adie-

36 2184 195 2245 atonem
220 2182 321 2243 studio
349 2183 551 2244 materialium
577 2189 715 2257 revocet,
730 2202 735 2217 ·
751 2188 843 2259 atque
866 2180 957 2241 adid
981 2179 1063 2257 quod
1085 2194 1142 2249 na·

10 2284 14 2289 ·
36 2274 102 2331 iura
123 2264 260 2330 durabile
279 2273 329 2329 esi
349 2270 516 2347 appetitum
540 2271 606 2330 eius
628 2269 763 2330 reducat.
821 2268 1012 2343 Quapropter
1032 2266 1141 2331 neces?

36 2356 259 2417 animasse
292 2355 451 2431 arbitror,
468 2362 502 2416 ut
530 2358 681 2432 corporis,
718 2354 800 2430 quod
827 2352 1016 2417 indumentis
1045 2350 1141 2433 mulio

36 2446 204 2517 praestat,
222 2440 284 2501 hoa
311 2446 361 2501 esi
385 2441 554 2502 divinarum
577 2448 608 2503 et
630 2442 804 2502 sublimium
826 2440 1059 2518 cogitationum,
1090 2440 1143 2499 s'a-

36 2540 223 2601 crarumque
248 2528 465 2607 scripturarum
487 2544 525 2588 nc
542 2529 726 2589 'conditionis
748 2525 1010 2604 spectaculorum,
1038 2526 1141 2593 curallr

36 2602 172 2675 babeant
198 2614 248 2688 qm
275 2612 442 2674 rationales
472 2619 560 2690 suut,
595 2616 706 2690 quique
734 2614 789 2692 p'er
817 2614 965 2679 rationem
988 2612 1028 2673 ad
1051 2611 1144 2671 ratio*-

37 2702 300 2777 ucmxprcperant
327 2699 606 2776 (quemadmodum
619 2702 687 2777 ipsa
709 2700 825 2771 Ratio,
849 2696 1001 2776 ,Nonne‘,
1035 2698 1143 2773 inanit,

38 2788 156 2863 ,aalma
190 2780 285 2861 pluris
319 2790 368 2845 est
400 2801 498 2863 quam
528 2788 630 2859 cibus,
646 2852 649 2857 ,
665 2793 695 2846 et
724 2802 836 2863 corpus
864 2800 955 2862 quam
982 2782 1144 2846 indumen·

10 2869 164 2949 'unm
185 2884 234 2931 ne·
251 2868 319 2947 uua
351 2868 568 2933 convincamur
583 2872 763 2949 'aliquando
792 2872 874 2948 quod
906 2870 955 2931 bis
983 2870 1143 2948 prehensis

36 2956 292 3019 ubit-teneamus
312 2958 460 3020 rationem
478 2964 558 3037 quae
580 2958 723 3035 produxit
745 2959 856 3018 omnia·
869 2965 900 3019 et
921 2958 1065 3034 producit¹
1083 2956 1143 3021 noa

35 3042 184 3121 implexi,
208 3047 256 3111 ,ut
283 3045 435 3123 Aegyptia
469 3044 537 3121 illa,
575 3060 654 3121 quac
676 3038 763 3105 'solis
801 3042 989 3104 vestimentis
1023 3040 1144 3119 loseplrt
1177 3042 1181 3047 '

34 3128 266 3207 comprobantis
302 3128 482 3191 concubitus
519 3146 575 3207 spe
612 3147 672 3206 qua
707 3130 860 3209 flagrabat
893 3130 985 3205 plane
1023 3126 1143 3189 excidit.

33 3210 79 3279 la.
101 3214 194 3277 anim·
216 3220 280 3281 tam
305 3217 434 3277 rationis
463 3219 659 3289 vestimenta,
691 3219 862 3292 scripturae
888 3214 1011 3290 inquam
1040 3210 1143 3286 verba,

32 3304 124 3379 pauni
154 3314 237 3377 quae
258 3308 406 3379 apparent
425 3308 582 3365 creaturas
602 3304 819 3364 immutatione·
835 3298 1041 3363 doctrinarum
1063 3298 1144 3360 illius

30 3386 383 3467 aomtmm··aptenctdas
405 3393 496 3465 atque
518 3388 669 3464 illustres,
704 3405 742 3450 ac
763 3388 898 3449 divinam
920 3388 1068 3451 rationem
1090 3386 1145 3453 qu·

10 3471 118 3547 'unni
145 3471 403 3555 contemplatione
432 3476 688 3559 condecoranies,
719 3492 776 3536 nos
800 3489 920 3550 quoque
942 3476 1046 3535 monte
1068 3470 1145 3532 divi-

27 3562 88 3623 tae
113 3560 409 3637 transfigurationis
445 3576 576 3622 ascenso
601 3563 868 3638 'spectaverir'nns,
906 3577 966 3621 aon
1002 3576 1021 3619 a
1055 3562 1145 3619 beata

26 3644 277 3723 rattobls“taciu
309 3648 551 3722 persuasibiliter
579 3648 737 3723 prohibiti,
750 3642 758 3661 '
771 3653 806 3708 ut
833 3646 1019 3725 Magdalena
1041 3643 1144 3723 ,Maria
1182 3652 1190 3666 ·

24 3744 111 3809 uuae
136 3730 296 3791 dominum
326 3731 428 3794 lesum
456 3750 511 3809 pro
539 3732 701 3794 hortulano
730 3732 880 3795 babuerat
906 3726 1041 3793 solarum
1065 3744 1144 3805 quae
1180 3758 1183 3765 ·

24 3820 86 3883 tub
118 3818 355 3895 generationem
374 3826 476 3895 'atque
503 3820 658 3881 interitum
686 3819 800 3881 cadunt
821 3818 922 3879 reru'nr
944 3818 1143 3879 factitatorem

22 3902 182 3967 nihildum
219 3914 318 3979 supra·
350 3898 477 3967 sensum
513 3910 584 3965 esse'
619 3906 782 3976 arbitrata,
817 3903 872 3965 sed
907 3896 1092 3966 ridebimus
1114 3908 1144 3963 et

22 3989 231 4053 adorabimus
259 3990 360 4050 vivum
390 4007 429 4051 ex
452 3993 578 4052 mortuis
600 4007 655 4068 per
678 3992 803 4053 clausas
823 3992 933 4051 ianuas
957 3990 994 4051 ad
1019 4004 1076 4051 nos
1091 3988 1145 4049 'tn-

21 4078 181 4151 lrauteru,
212 4080 283 4151 post
310 4077 475 4139 extinctam
502 4094 629 4152 prorsus
658 4078 687 4137 iu
718 4076 806 4138 nobis
836 4076 987 4139 actionem
1012 4091 1145 4137 sensua-

21 4156 109 4237 lem,
140 4160 353 4236 mundamque
381 4164 481 4239 ipsam
510 4169 540 4223 et
568 4164 660 4225 deam
694 4179 932 4241 cognoscemus,
967 4164 1016 4239 qui
1044 4164 1143 4223 omnis

98 4364 125 4417 8.
144 4352 333 4431 δ’ποστιῤῥιῖν
349 4362 413 4419 cod.
433 4364 500 4417 (ind.
