2752 4778
1191 210 1240 284 99

125 398 197 444 rarn
226 398 375 447 manuum
405 389 505 473 ipsius
543 394 719 467 praedicare
756 394 978 454 armamentum
1015 394 1242 469 (admirandum

124 468 192 530 lroc
223 471 263 530 de
293 474 385 533 rebus
415 477 524 548 quibus
554 480 658 539 mundi
688 478 795 540 artifex
825 481 958 541 animam
982 479 1095 539 nullam
1119 481 1243 561 iniecit),

123 554 304 618 intellectus
333 560 439 620 auditu
468 564 506 622 ab
528 564 705 625 inanimatis
727 565 916 644 theologicas
940 567 1073 625 rationes
1095 568 1242 643 percipie-

123 642 198 717 bat,
222 649 316 718 atque
339 646 546 721 providentiae
569 655 599 710 et
621 652 719 712 iudicii
743 669 781 711 ex
802 654 903 728 operis
922 652 1122 727 perfectione,
1146 667 1242 727 quan-

121 733 194 788 tum
217 729 341 805 quidem
364 731 537 794 hominibus
561 735 649 809 licet,
674 736 840 798 docebatur
864 737 986 808 modos,
1017 739 1157 812 quamvis
1179 754 1241 798 non

123 819 296 875 assecutus
326 819 463 880 rationes
492 822 600 896 qulbus
629 839 683 898 per
714 823 853 901 singulus
884 823 1150 939 videliaeffrartes
1172 822 1242 884 uni·

122 902 283 961 versitatis
306 900 525 968 administratio
548 910 691 969 variatur.

121 1149 400 1294 Contemplatio
434 1151 472 1224 in
499 1150 618 1242 illud,
664 1150 791 1243 ‚Peter
817 1163 853 1227 ei
878 1148 996 1228 mater
1020 1177 1080 1229 me
1106 1093 1238 1228 dereli-

177 1264 350 1355 querunt.

199 1434 204 1441 '
235 1423 286 1483 Sic
307 1440 429 1500 rursus,
465 1425 621 1500 ,Peteret
644 1430 741 1485 mater
763 1441 811 1484 me
834 1424 1073 1499 dereliquerunt,
1104 1424 1167 1503 sed,
1184 1424 1239 1484 do-

123 1510 231 1570 minus
258 1525 307 1569 rue
334 1512 498 1585 suscepit‘,
536 1511 641 1571 dicens
664 1510 741 1588 legis
765 1526 843 1585 quae
866 1510 1035 1570 secundum
1058 1513 1159 1570 carnis
1182 1526 1238 1571 na-

122 1600 226 1656 turam
250 1595 289 1655 ad
312 1598 539 1673 generationem
563 1602 593 1658 ct
614 1599 766 1656 interitum
791 1596 936 1672 pertinet,
968 1613 1106 1672 quernos
1130 1614 1237 1658 omnes

122 1686 252 1767 propter
274 1684 552 1757 transgressionem
576 1687 606 1743 et
628 1699 811 1758 generamur
836 1688 866 1743 et
885 1688 1082 1753 constamus,
1113 1689 1143 1743 et
1166 1699 1237 1743 sen-

123 1783 180 1828 sus
209 1768 251 1827 ad
280 1770 384 1829 matris
413 1770 512 1828 instar
542 1784 598 1842 nos
627 1768 757 1828 foventis
788 1769 1014 1829 derelictionem
1038 1774 1068 1829 et
1091 1768 1236 1846 effugium

123 1854 162 1913 iis
194 1854 248 1927 qui
269 1869 370 1913 rerum
395 1869 455 1913 non
478 1854 704 1914 interiturarum
728 1855 856 1917 studiosi
879 1856 956 1928 sint,
986 1855 1122 1929 occulte',
1151 1860 1234 1930 puto,

124 1938 290 2013 indicavit;
325 1940 435 2014 quibus
466 1940 598 2000 mundus
629 1941 753 2000 visibilis
778 1941 913 2000 mittatur
936 1956 996 1999 non
1019 1943 1119 2000 minus
1143 1956 1234 2014 quarn

124 2027 252 2086 missos·
276 2024 380 2098 iaciat,
418 2025 471 2087 sed
508 2027 648 2086 dominus
678 2028 820 2101 suscipit,
857 2031 887 2085 et
917 2027 1044 2101 spiritali
1072 2028 1123 2101 qui
1153 2027 1236 2102 digni

123 2116 198 2171 sunt
219 2110 297 2171 filios
320 2111 390 2188 lege
412 2112 581 2187 adoptans,
616 2114 734 2186 etipse
757 2113 795 2172 ab
818 2113 855 2170 iis
879 2113 928 2187 qui
952 2111 1035 2188 digni
1057 2117 1128 2171 sunt
1150 2118 1236 2187 pater

124 2197 306 2273 adoptatus,
341 2214 396 2272 per
425 2199 565 2258 virtutem
597 2203 627 2256 et
655 2199 877 2274 cognitionem,
911 2202 1006 2256 totum
1037 2213 1107 2257 scse
1135 2198 1235 2272 ipsum

123 2284 277 2344 universis
307 2282 366 2342 illis
397 2283 565 2344 secundum
596 2284 837 2355 similitudinem,
873 2288 977 2358 utpote
1010 2285 1123 2353 bonus,
1160 2282 1236 2341 indit

123 2374 218 2445 atque
246 2368 394 2430 concedit.
462 2370 524 2429 Aut
552 2370 683 2429 lortasse
711 2387 765 2446 per
795 2375 912 2444 patrem
943 2375 973 2428 et
1001 2373 1128 2428 matrem
1160 2369 1234 2428 seri-

122 2460 206 2537 plaur
235 2455 336 2532 legem
364 2459 401 2514 et·
423 2456 613 2531 corporalem
642 2472 734 2530 quern
760 2457 888 2530 imperat
919 2454 1032 2516 cultum
1062 2454 1233 2527 adumbrat,

122 2555 252 2615 quorum
283 2539 424 2600 discessu
453 2542 595 2618 spiritalis
625 2540 704 2619 legis
733 2542 787 2600 lux
810 2541 971 2618 dignorum
995 2539 1138 2600 cordibus
1161 2556 1236 2599 exo·

121 2628 172 2687 rlri
194 2631 314 2703 potest,
344 2633 375 2687 et
398 2626 532 2688 carnalis
552 2628 710 2703 servitutis
733 2627 904 2689 libertatem
926 2627 1040 2705 largiri.

121 2870 406 2989 Contemplatio·
422 2878 462 2950 in
486 2878 670 2952 visionem
691 2874 798 2951 Eliae
824 2878 873 2950 in'
890 2899 1001 2974 specu
1025 2869 1180 2979 Choreb.

230 3042 282 3106 Sic
312 3044 395 3106 Elias
424 3047 671 3121 sapientissimus
695 3050 765 3121 post
788 3046 888 3122 ignem
911 3042 1012 3117 illum,
1044 3047 1114 3115 post
1137 3046 1234 3099 terrae

122 3137 255 3207 notum,
292 3136 361 3207 post
394 3148 541 3209 magnum
579 3136 609 3191 et
645 3131 855 3191 vehementem
889 3130 939 3203 qui
967 3133 1087 3187 montes
1118 3125 1235 3184 disiecit

122 3218 246 3293 lintrrm,
285 3232 364 3293 quae
392 3216 514 3293 quidem
544 3217 678 3277 studium
709 3224 739 3276 et
766 3216 909 3276 iudicium
939 3229 1009 3273 esse
1032 3217 1122 3286 atque
1144 3211 1233 3270 iidem

122 3304 248 3379 plenam
271 3308 363 3377 alque
386 3304 519 3364 alacrem
543 3305 722 3380 interpretor
744 3304 846 3385 (narn,
877 3308 1023 3375 tauquam
1047 3303 1146 3356 terrae
1170 3312 1235 3354 mo·

121 3394 173 3449 tus
196 3390 350 3467 ¹montium
382 3391 544 3464 continua,
580 3391 624 3448 sic
646 3389 788 3448 iudicium
813 3387 947 3447 habitum
973 3382 1090 3444 scelere
1111 3381 1236 3441 indura·

122 3480 186 3535 tum
215 3475 325 3535 alrtute
355 3478 534 3536 concutiens
564 3477 754 3551 improbitate
784 3458 888 3545 solvit,
919 3471 1054 3530 studium
1076 3467 1115 3526 ad
1138 3468 1235 3526 instar

122 3561 203 3638 ignis
239 3560 409 3620 incendens
439 3563 564 3636 spiritus
593 3561 702 3621 ardore
729 3561 838 3634 impios
869 3557 989 3617 erudire
1018 3570 1053 3612 se
1080 3551 1233 3629 praeditos

122 3647 221 3716 lubet,
252 3645 329 3706 tides
358 3646 388 3704 ln
418 3647 542 3706 modurn
572 3646 662 3706 llutus
693 3647 777 3705 saevi
805 3649 926 3719 propter
950 3641 1081 3700 divinam
1105 3637 1234 3715 gloriam

123 3731 161 3791 nd
191 3731 402 3809 expugnanda
430 3732 583 3807 praesidia
612 3748 666 3807 per
693 3730 906 3792 miraculorum
938 3724 1233 3787 commendationem

123 3819 237 3878 inertes
265 3816 448 3893 propulsans
476 3818 632 3877 hominem
655 3834 727 3877 vere
750 3815 907 3876 credulum
932 3826 1030 3887 aquae
1054 3809 1235 3885 cognitionis

123 3909 153 3963 et
174 3904 257 3981 ignis
278 3902 447 3963 deificantis
469 3904 669 3980 praebitorem
693 3901 806 3973 reddit,
842 3900 914 3959 dam
944 3897 995 3956 hic
1016 3896 1126 3955 lumem
1149 3896 1236 3973 igno-

123 3990 242 4051 rantiae
269 3994 371 4060 curat,
404 3984 550 4064 itllo'per
572 3988 883 4049 accommodationem
914 3982 1157 4044 sacrificantibus
1186 3977 1236 4040 dei

124 4077 252 4152 gratim
281 4073 439 4146 conciliat,
472 4081 503 4135 et
529 4074 731 4150 improbitatis
754 4073 895 4132 doctores
917 4067 1167 4129 ratiocinationes
1189 4070 1237 4126 ot-

124 4174 182 4236 que
205 4158 376 4237 sapientiae
398 4158 510 4234 falsae,
543 4175 622 4236 quae
646 4161 747 4220 verbis
770 4159 850 4236 agit,
880 4156 1047 4216 daemones
1070 4152 1234 4212 conficiens

125 4262 143 4306 a
174 4248 355 4324 passionum
386 4247 533 4308 servitute
569 4246 705 4305 devictos
742 4244 879 4323 liberat),
916 4245 985 4318 post
1018 4238 1096 4299 llaec
1132 4239 1235 4297 omnia

125 4348 200 4392 voce
229 4334 298 4393 elus
327 4333 357 4390 ln
386 4346 447 4406 qun
475 4332 553 4392 deus
583 4332 696 4403 inerat,
734 4332 797 4391 miti
826 4344 917 4399 aura,
949 4324 1053 4470 au7di*ta
1084 4323 1123 4382 de
1151 4328 1235 4381 statu
