2752 4778
1183 215 1254 302 373

136 404 323 479 Eiusdem
345 426 390 475 ex
412 425 578 477 sermone
601 401 639 474 in
655 399 689 471 N
692 426 798 474 ovam
817 399 1065 491 Dominicauu,
1094 404 1131 473 in
1146 401 1255 491 illud,

196 504 417 598 ‚innovetur
447 529 533 578 vero
559 503 840 578 tabernaculum
863 502 1084 594 testimonii,
1119 513 1155 577 et
1177 506 1255 602 qui·

195 610 283 683 dem
304 608 509 707 magnificis
529 607 755 704 sumptibus,
785 607 884 704 quod
905 603 995 682 deus
1015 606 1192 697 ostendit,
1221 616 1258 680 et

196 711 363 786 Beseleel
390 711 563 797 confecit,
593 719 628 782 et
651 708 794 807 Moyses
819 709 922 781 fixit‘

255 863 412 940 llysttomn
441 863 479 921 de
504 860 697 922 tabernaculo
722 860 988 937 contemplationis
1011 861 1137 922 rationis
1161 861 1257 922 varie·

139 958 239 1012 tatem
263 951 545 1026 impraesentiarum
568 946 719 1021 quomodo
741 945 962 1023 interpretatus
980 949 1019 1006 sit
1046 946 1166 1021 doctor,
1198 964 1256 1007 nos

140 1035 267 1112 quoque
291 1035 540 1110 contemplemur.
586 1032 826 1094 tabernaculum
850 1035 940 1113 igitar
963 1032 1127 1092 testimonii
1150 1034 1257 1110 mysti-

139 1140 213 1183 cum
252 1130 299 1183 est
335 1121 383 1180 det
412 1119 568 1179 Sermonis
605 1120 822 1179 incarnationis
852 1120 1029 1191 consilium,
1067 1119 1150 1194 ‹puod¹
1179 1119 1255 1179 deus

140 1212 277 1285 probans
307 1207 439 1268 ostendit
470 1212 562 1279 atque
591 1211 717 1264 sauctus
747 1207 871 1281 spiritus
894 1222 948 1282 per
971 1205 1140 1280 sapientem
1162 1204 1255 1264 Bese-

140 1295 201 1355 leel
231 1293 468 1370 praeformatum
499 1290 649 1350 adiuvans
673 1291 812 1364 perfecit,
842 1298 872 1352 ot
896 1291 1107 1352 intellectualis
1132 1289 1254 1366 Moyses

139 1382 191 1442 dei
222 1398 259 1441 ac
287 1381 382 1455 patris
412 1377 589 1454 unigenitus
619 1377 698 1435 filius
727 1393 780 1451 per
811 1394 881 1438 sese
911 1382 1055 1453 operatus
1086 1381 1148 1449 est,
1185 1392 1253 1436 cum

140 1469 311 1527 hamanum
335 1472 473 1525 naturam
498 1463 693 1522 substantiali
717 1465 853 1524 untione
876 1467 907 1522 in
932 1481 965 1523 se
988 1463 1061 1523 lixit.

142 1651 230 1727 Alia
255 1654 294 1723 in
319 1651 418 1724 idem
445 1650 715 1749 contemplatio,

253 1799 313 1859 Sed
337 1802 429 1860 etiarn
452 1799 616 1859 universae
639 1801 819 1861 conditionis
844 1808 874 1862 et
896 1799 1108 1860 intellectualis
1131 1805 1161 1859 et
1184 1816 1255 1859 sen-

142 1887 238 1948 sibilis
262 1887 366 1961 imago
389 1891 436 1944 est
458 1886 704 1956 tubernaculum,
740 1886 821 1962 quod
844 1887 922 1946 deus
946 1891 975 1945 et
998 1890 1085 1962 pater
1106 1890 1254 1959 tanquam

141 1990 230 2034 meus
267 1972 426 2048 cogitavit,
463 1976 493 2029 et
529 1970 606 2032 iilius
636 1978 784 2046 tanquam
814 1988 914 2032 senuo
943 1976 1088 2048 operatus
1122 1976 1186 2040 est,
1225 1975 1255 2029 et

142 2059 267 2138 spiritus
291 2063 417 2117 sanctus
441 2056 572 2132 perfecit.
619 2060 718 2132 Atque
739 2074 845 2118 rursus
867 2056 992 2117 visibilis
1011 2057 1106 2117 solius
1126 2061 1254 2116 naturae

140 2163 178 2206 ac
207 2144 303 2204 solius
333 2141 465 2203 hominis
495 2159 531 2201 cx
561 2159 687 2218 corpore
714 2149 744 2204 et
766 2145 865 2204 anima
888 2144 1072 2218 constantis,
1105 2146 1135 2201 et
1157 2141 1253 2202 solius

140 2247 250 2292 rursus
273 2227 396 2288 animae
419 2242 510 2303 qaam
533 2244 587 2303 per
605 2247 639 2288 se
659 2231 757 2304 ipsam
776 2228 997 2304 contemplatur
1014 2244 1130 2303 sermo,
1152 2229 1253 2306 imago

139 2312 375 2379 tabernaculum
397 2319 460 2388 est,
491 2322 659 2388 spectatum
679 2316 816 2376 uidelicet
834 2314 1002 2376 secandum
1021 2315 1166 2374 rationem
1186 2314 1254 2374 uni·

141 2405 256 2478 cuique
280 2401 518 2460 convenientem.

137 2609 200 2683 Ex
225 2606 354 2680 eodem
379 2628 563 2696 sermone,
592 2607 629 2677 in
653 2606 770 2696 illud,
808 2595 1029 2696 ,innovatur
1049 2613 1172 2678 autern
1199 2630 1251 2679 re·

192 2734 308 2809 gnum
334 2707 473 2798 David,
502 2733 620 2805 neque
643 2708 683 2781 id
705 2708 838 2800 semel,
866 2708 931 2781 sed
953 2708 1055 2806 prius
1079 2732 1162 2787 cum
1186 2733 1251 2783 un·

193 2822 358 2912 geretur,
388 2837 429 2884 ac
453 2822 577 2908 postea
600 2837 685 2884 cum
708 2835 774 2885 rex
795 2813 1039 2886 salutaretur.‘

251 2965 316 3023 Pari
346 2963 435 3024 modu
468 2979 614 3040 magnam
637 2965 781 3025 Davidem
813 2981 933 3042 quoque
960 2964 1139 3042 prophetam
1162 2973 1254 3042 atque

139 3067 265 3130 regem,
296 3056 427 3127 augusto
452 3049 617 3126 spiritualis
637 3067 751 3111 sensus
770 3067 806 3110 uc
824 3052 942 3126 mystici
962 3051 1083 3110 nomine
1103 3057 1252 3126 ornatum,

141 3153 206 3214 quo
236 3153 305 3197 eum
336 3138 366 3195 in
396 3138 551 3212 praesenti
580 3137 647 3196 loco
677 3138 822 3214 magister
852 3137 1076 3211 contemplatus
1099 3142 1164 3211 est,
1197 3155 1252 3196 nos

140 3237 266 3299 qaoque
294 3223 491 3298 accipiemus.
551 3221 645 3282 David
667 3224 758 3300 igitur
780 3222 993 3283 intellectualis
1017 3228 1065 3282 est
1088 3237 1177 3282 verus
1199 3240 1252 3283 rex

141 3308 265 3370 lsraelis
297 3312 327 3367 et
356 3308 445 3368 deum
476 3307 606 3368 videntis
636 3308 722 3368 lesus
745 3309 897 3382 Christus,
932 3309 1106 3384 propriore
1130 3309 1252 3384 quidem

141 3412 202 3456 suo
226 3394 360 3454 adventu
383 3395 582 3454 humanitatis
605 3397 748 3470 opinione
769 3402 897 3469 unctus,
928 3400 961 3454 ut
985 3393 1091 3454 doctor
1113 3394 1181 3454 alibi
1201 3398 1251 3470 ait,

142 3481 367 3542 humanitatem
403 3497 523 3557 ungens
559 3482 685 3556 deitate,
723 3487 752 3540 ct
785 3483 900 3543 iaciens
937 3480 1017 3557 quod
1046 3477 1253 3557 unguentum:

141 3584 198 3646 pru
228 3567 323 3629 altero
353 3583 425 3627 vero
455 3573 485 3626 et
514 3569 670 3642 praeclaro
699 3568 846 3640 adventu,
874 3573 909 3626 ut
939 3567 1016 3626 deus
1045 3583 1082 3625 ac
1111 3566 1252 3628 dominus

140 3659 237 3730 atque
260 3655 358 3714 omnis
381 3652 561 3713 conditionis
585 3672 637 3716 rex
661 3661 688 3714 et
713 3657 848 3715 existens
872 3660 902 3713 et
924 3652 1103 3730 appellatus.

140 3843 186 3918 In
236 3849 439 3913 raesentem
461 3863 666 3913 sermonem
687 3849 773 3911 sunt
794 3840 857 3936 qui
881 3851 1064 3936 quaerunt
1081 3840 1253 3930 dicentes,

197 3866 297 4032 (guid
325 3941 477 4016 tandem
506 3943 630 4016 dicens
661 3943 833 4040 magister
860 3943 1136 4017 resurrectionis
1157 3940 1255 4016 diem

197 4068 371 4144 superare
393 4070 518 4119 omnes
540 4055 807 4143 superterram
831 4044 1065 4135 festivitates,
1102 4069 1176 4117 non
1198 4069 1253 4118 so·

197 4150 282 4223 lum
302 4150 481 4223 humanos
504 4150 594 4222 etin
610 4159 706 4221 terra
722 4149 883 4238 futuras,
912 4149 977 4222 sed
993 4150 1066 4222 iam
1081 4144 1270 4246 reiquae
1307 4193 1309 4198 ·

199 4251 316 4350 ipsius
350 4246 487 4326 Christi
513 4251 594 4323 'sint
630 4262 666 4324 et
699 4253 737 4324 in
765 4245 910 4324 Christo
945 4261 1255 4342 consummentur,

197 4355 317 4430 veluti
339 4379 427 4429 suae
448 4356 565 4452 ipsius
591 4355 729 4429 oblitus
756 4353 972 4446 sententiae,
999 4354 1254 4429 encaeniorum
