2768 4784
1168 200 1241 279 185

126 390 331 448 ottomanus
358 382 451 445 homo
479 382 687 465 exprimitur),
723 390 868 445 vexatum
899 402 971 448 vero
997 386 1082 449 illum
1113 404 1131 448 a
1160 388 1243 450 mala

128 472 338 535 dominatione
357 471 544 546 adseruarit,
574 473 647 534 dum
670 473 841 532 naturalem
863 474 890 533 ei
912 474 1151 536 moderationem
1174 493 1250 554 gra-·

130 561 170 620 tia
183 575 262 620 sua
290 558 406 632 reddit,
437 574 491 634 per
512 574 606 634 quam
629 574 727 618 novus
751 564 781 619 et
804 559 843 619 ad
865 559 913 620 dei
934 561 1099 638 imaginem
1121 569 1242 624 creatus

130 647 220 707 bomo
257 646 446 723 designetur.
511 642 561 704 Sic
594 645 686 723 igitur
721 660 828 704 omnes
867 649 966 707 sancti
994 647 1077 709 hanc
1110 649 1242 710 divinam

131 737 162 792 et
183 749 255 793 non
272 730 426 793 fallacem
454 732 602 792 rationem
631 732 687 791 rite
717 733 858 809 aggressi
886 732 946 794 hoc
975 735 1113 797 seculum
1141 741 1245 796 trans-

132 819 342 894 iverunt-,rin
378 817 463 878 nulla
496 833 602 878 earum
632 831 710 893 quas
741 817 835 877 babet
862 820 1052 896 voluptatum
1079 825 1242 900 vestigium

131 906 254 966 animoa
278 890 497 981 imprimentes.
523 950 526 957 .
548 903 582 963 lu
611 919 750 965 summas
780 905 861 965 enim
892 922 996 967 earum
1027 923 1105 982 quas
1128 909 1243 970 homini

131 991 355 1068 assequtlicet
378 991 423 1052 de
452 990 511 1052 deo
539 991 692 1063 rationes,
724 990 868 1051 bonitatis
896 993 1022 1067 inquam
1045 1000 1075 1055 et
1097 999 1241 1072 caritatis,

131 1079 237 1140 oculos
263 1079 436 1161 rectissime
457 1078 605 1156 figentes,
641 1078 752 1151 quibus
776 1077 867 1138 deum
889 1085 1072 1142 commotam
1094 1082 1140 1143 eis
1163 1099 1242 1158 quae

130 1172 217 1226 sunt·
231 1165 425 1226 erdstentiam
450 1179 587 1239 eamque
611 1165 724 1224 bonam
746 1165 847 1241 gratia
868 1179 926 1247 sua
947 1164 1051 1244 largiri
1073 1168 1243 1230 didicerunt

130 1251 321 1331 (sicquidem
350 1252 466 1312 moveri
495 1250 586 1312 deum
616 1251 668 1325 qui
690 1249 782 1315 solus
812 1250 963 1311 inmobilis
993 1258 1041 1313 est
1069 1253 1172 1315 dicere
1193 1255 1242 1316 fus

131 1344 195 1410 aa
224 1342 265 1398 et·
278 1334 341 1398 non
362 1340 464 1421 potius
485 1337 580 1412 velle,
610 1339 698 1397 cuius
726 1337 883 1398 voluntate
905 1339 1008 1399 omniu
1030 1346 1061 1400 et
1082 1347 1242 1403 morentur

131 1432 173 1486 et¹
187 1426 220 1486 in
240 1423 630 1499 asisanuamuucuntur,
661 1425 752 1500 inque
775 1439 813 1484 ca
836 1425 1045 1501 continentur,
1076 1426 1149 1488 dum
1172 1430 1242 1504 ipsa

131 1512 273 1585 nimirum
305 1527 368 1572 non
402 1511 463 1572 ullo
491 1526 628 1586 unquam
658 1511 750 1571 modo
779 1510 945 1590 movetur),
986 1511 1034 1572 his
1064 1515 1154 1574 etiarn
1184 1516 1242 1591 ipsi

131 1594 287 1675 sapimtar
308 1613 381 1658 sese
400 1597 620 1673 reformarunt,
642 1597 802 1658 invisibilis
822 1613 859 1657 ac
882 1613 938 1659 nos
961 1598 1084 1660 latentis
1107 1601 1242 1677 pulchri·

130 1683 396 1750 tadlulssdlvinno
425 1684 670 1761 magnificentiae
700 1685 913 1759 proprietatem
938 1702 1016 1762 quae
1037 1703 1092 1763 per
1114 1689 1241 1749 virtutes

131 1770 369 1833 samantneme
388 1768 519 1830 delinitor
548 1768 733 1830 aemulatam
762 1770 905 1830 ferentes.
958 1771 1090 1848 ideoque
1118 1774 1242 1836 boniet

132 1857 180 1919 dri
206 1862 351 1921 amantes
374 1863 413 1917 et
434 1855 573 1917 benevoli
586 1872 669 1934 ,erga
691 1855 850 1927 homines,
884 1862 914 1917 et
936 1860 1147 1920 misericordes
1170 1861 1241 1922 facti

132 1949 221 2018 snat,
248 1957 404 2019 unamque
429 1943 470 2004 ad
491 1943 668 2003 universum
692 1959 792 2020 genus
816 1941 1004 2004 affectionem
1029 1947 1163 2006 caritatis
1185 1946 1241 2008 ha·

132 2029 289 2093 bearunt
316 2033 407 2105 sunt,
443 2045 546 2103 aqua
567 2030 702 2089 omnium
725 2033 868 2090 virtutum
891 2032 1162 2105 exquisitissimum
1187 2049 1241 2110 ge·

132 2116 441 2190 nanas-humilitatem
470 2115 554 2191 dico,
589 2124 670 2190 quae
700 2115 782 2176 bona
810 2121 927 2190 servat,
960 2119 1082 2178 inimico
1111 2120 1239 2194 perimit,

131 2199 307 2283 pa'rzatotam
336 2206 433 2263 suam
452 2203 545 2263 vitam
573 2201 698 2262 firmiter
721 2207 859 2275 tuentes,
889 2202 1088 2265 molestarum
1110 2211 1239 2281 tempta-

131 2282 498 2375 aasumgmuttip-oninino
521 2290 765 2362 succubuerunt,
799 2292 861 2349 tam
883 2288 1123 2351 voluntariarum
1146 2307 1241 2366 quac·

132 2366 428 2454 qaaxjsostraeisunt
447 2375 593 2446 rationis,
616 2389 707 2454 quam
730 2374 1000 2436 involuntariarum
1019 2390 1160 2452 quaeque
1178 2394 1238 2437 non

131 2454 260 2536 aeruna
285 2459 376 2534 sunt,
400 2463 476 2529 ,dum
499 2460 606 2522 harum
630 2463 806 2538 eruptiones
830 2462 1016 2522 coutinentia
1037 2465 1240 2540 reprimimus,

131 2538 386 2615 fuirunt-odnie
401 2545 542 2625 impetus
565 2547 742 2608 fortitudine
762 2548 943 2608 exeruimus.
993 2548 1137 2625 Utrinque
1159 2553 1240 2611 enim

133 2624 227 2713 aad,
252 2632 388 2725 oglerio
411 2640 442 2696 et
464 2637 505 2695 ab
522 2633 728 2712 ignobilitate,
755 2635 932 2695 inconcussi
954 2644 1239 2713 perseveraverunt,

132 2710 370 2787 etrissrimbites
388 2724 496 2783 contra
522 2727 685 2799 utramque
708 2725 875 2796 steterunt,
907 2737 1008 2798 nequa
1035 2725 1151 2803 iniuriis
1176 2725 1242 2785 vul-

131 2809 402 2886 nsua-,apruna
419 2808 642 2869 soluntariam
683 2808 937 2885 submissionem,
976 2826 1078 2887 neque
1112 2811 1241 2890 gloriam

131 2895 499 2981 manase-propter
513 2899 754 2970 exsuperantem
783 2896 970 2971 paupertatis
999 2897 1240 2971 familiaritatem,

130 2982 305 3055 audecuria
325 2981 510 3059 indignatio,
541 2997 598 3042 nec
620 2980 711 3053 livor,
740 2997 798 3040 nec
821 2981 988 3059 dissensio,
1020 2999 1077 3044 nec
1099 2984 1241 3060 hypocri-

131 3068 282 3144 usq-ruas
310 3067 417 3140 dolus,
451 3083 508 3127 nec
537 3066 742 3129 cavillatorius
770 3067 977 3149 etsubdolus
1013 3071 1063 3144 qui
1099 3071 1240 3145 specioso

131 3153 275 3237 chnto
303 3147 514 3233 fraudulenter
540 3154 581 3214 ad
610 3153 692 3213 aliud
715 3153 848 3229 pelliciat
870 3170 971 3224 arnor,
1005 3157 1239 3230 quaeomniurn

130 3236 308 3319 passionum
328 3240 547 3301 exitiosissima
568 3245 632 3314 est,
661 3248 719 3299 ne'c
741 3241 991 3315 coucupiscentia
1013 3257 1117 3303 earum
1132 3256 1239 3302 ¹rerum

130 3328 208 3403 quae
234 3327 428 3389 lautissimae
456 3326 595 3387 videntur
623 3326 652 3385 in
683 3326 746 3385 vita
775 3342 863 3399 esse,
892 3343 949 3387 neo
972 3326 1055 3387 aliud
1078 3329 1240 3403 quicquam

129 3413 167 3475 do
195 3415 303 3490 laiquo
328 3413 509 3490 passionum
539 3427 650 3490 grege,
679 3427 780 3487 neque
803 3414 906 3474 ruinae
929 3414 967 3472 ab
989 3415 1118 3473 inimicis
1141 3416 1241 3488 inten-

128 3503 242 3573 tatae,·-
261 3498 489 3575 'sequentium
517 3500 625 3560 mortis
655 3515 754 3575 genus
785 3515 840 3559 eos
872 3499 989 3559 devicit.
1015 3537 1020 3548 ·
1048 3499 1119 3560 ideo
1147 3502 1239 3561 ctiam

129 3586 215 3649 beau
229 3586 300 3649 farn
323 3582 410 3662 ¹apud
439 3584 530 3647 deum
553 3598 644 3659 quarn
668 3585 750 3660 apud
772 3585 912 3665 homines
936 3588 1043 3647 merito
1070 3591 1141 3647 sunt
1162 3586 1238 3646 iudi·

128 3673 203 3750 aaa·
239 3672 339 3749 quod·
359 3668 552 3749 appariturae
580 3671 738 3731 ineffabilis
768 3678 799 3730 et
827 3671 1095 3748 splendidissimae
1124 3673 1240 3750 gloriae

127 3760 338 3838 pergratiam
358 3759 470 3836 magni
493 3756 565 3818 doni
586 3758 635 3818 dei
658 3757 837 3818 manifestas
860 3760 1012 3835 imagines
1036 3776 1107 3820 sese
1131 3758 1239 3820 effece-

127 3846 213 3918 mut,
246 3852 284 3907 ut
304 3845 489 3924 gaudentes
519 3850 666 3920 tanquam
696 3845 775 3904 notis
808 3849 838 3904 et
864 3845 1066 3917 familiaribus
1095 3846 1238 3906 virtutum

126 3932 312 4006 rationibus,
340 3929 389 3993 vel
411 3932 513 4008 potius
535 3930 608 4005 deo,
638 3946 693 4008 pro
717 3945 777 4005 quo
801 3933 890 3991 etiam
914 3932 1051 4007 quotidie
1073 3933 1147 3992 mori
1171 3949 1240 4009 per·

126 4023 341 4090 seremaaant3
381 4018 559 4092 unirentur,
584 4018 626 4078 in
661 4033 721 4091 quo
750 4019 886 4077 omnium
915 4019 1063 4079 bonorum
1094 4019 1238 4095 rationes,

125 4112 281 4187 tauquam
292 4106 333 4165 ⁴in
363 4104 446 4164 fonte
469 4104 612 4180 perenni,
646 4096 884 4179 praeextiteruut
905 4120 959 4180 per
980 4120 1091 4187 unam,
1126 4106 1241 4184 simpli-

125 4208 194 4257 ccur
224 4197 255 4253 ot
284 4191 471 4268 singularem
492 4205 594 4251 rerum
617 4190 832 4251 universarum
855 4191 1113 4267 complexionem,
1147 4191 1239 4252 etad

122 4294 218 4359 quem
253 4294 372 4340 ornnes.
395 4276 552 4340 amabunt
581 4277 754 4352 quicunque
785 4277 863 4338 bene
878 4283 922 4338 'et
950 4277 1120 4339 secundum
1148 4284 1239 4339 natu·

121 4382 192 4429 ram
214 4363 413 4427 facultatibus
435 4363 475 4425 ad
496 4363 557 4424 boc
578 4361 657 4423 datis
679 4366 814 4424 utuntur.
