2752 4778
1170 170 1217 257 96.

104 349 271 411 ueebttem
294 366 366 410 esse
388 355 561 411 monstrans
584 353 774 426 transituque
795 353 930 428 facilem,
965 355 1144 432 nullumque
1163 373 1218 434 pe·
1299 356 1301 360 ’

104 434 235 495 iculum
265 451 304 495 ex
332 437 360 494 vi
390 451 539 510 aquarum
569 434 752 510 divisarum,
787 439 897 512 quibus
926 439 1027 499 adhue
1057 435 1217 503 obscurata

104 526 183 595 nat,
209 523 354 597 utrinque
377 527 538 582 aestuante
559 525 789 583 transeuntibus
812 525 1038 586 immittentem:
1069 529 1216 603 siquidem

104 605 278 685 sublimiori
305 613 337 667 et
364 608 512 683 mysticae
541 610 649 669 rationi
677 625 827 684 aquarum
856 613 922 670 eius
953 613 1033 686 quod
1056 614 1152 675 oculis
1174 615 1219 673 vi-

104 693 193 753 tetur
222 694 318 755 maris
345 693 488 755 discratio
517 693 673 766 vitiorum,
706 711 786 770 quae
813 712 868 778 per
896 697 1046 758 delectum
1069 705 1100 760 et
1120 701 1218 761 abun-

104 780 245 839 lantiam
274 780 435 840 virtutibus
465 779 585 840 obiecta
608 787 693 856 sunt,
729 783 824 841 mutui
846 784 924 843 inter
946 799 982 842 se
1004 800 1105 845 nexus
1127 785 1219 846 dissi·
1273 797 1275 803 ·

104 864 186 925 llum
217 871 284 941 est,
317 864 400 941 quod
427 866 504 924 ratio
532 865 652 926 efficere
678 866 788 926 idonea
810 872 872 943 est,
906 869 996 928 modo
1018 873 1159 946 gnaviter
1180 888 1217 931 en

104 950 250 1023 nasedai,
283 967 344 1012 neu
371 953 401 1010 in
432 967 536 1010 eorum
567 951 617 1025 dui
647 952 784 1012 studiose
812 952 849 1012 ad
873 954 964 1014 deum
986 965 1149 1032 properant
1172 960 1217 1017 in—

104 1037 300 1099 :ommodum
322 1039 401 1097 inter
422 1053 457 1097 sc
480 1038 635 1099 conciliari
658 1039 720 1099 ullo
744 1039 833 1098 modo
855 1041 943 1101 siunt.
1025 1034 1026 1037 ’

104 1201 379 1304 iontemplatio
404 1203 543 1305 Moysis
569 1207 608 1279 in
634 1216 797 1280 montem
822 1207 1052 1281 ascensionis.

211 1339 265 1402 Sic
286 1358 393 1402 rursus
416 1341 475 1401 deo
497 1342 621 1402 vocanti
642 1343 876 1418 obtemperans,
911 1343 1051 1402 omnibus
1073 1342 1141 1403 istic
1164 1360 1217 1405 su·
1288 1377 1289 1381 =

104 1429 239 1502 ieratis,
269 1429 402 1488 introivit
429 1429 459 1486 in
489 1426 650 1505 caliginem
673 1429 725 1488 ubi
748 1427 825 1488 deus
848 1432 928 1502 erat,
959 1427 1019 1488 hoc
1040 1436 1088 1489 est
1110 1431 1140 1488 in
1163 1432 1217 1490 ob-

104 1529 230 1575 scuram
253 1519 284 1576 et
305 1513 485 1574 invisibilem
508 1518 539 1574 et
560 1513 781 1591 incorporalem
804 1516 1086 1587 conversationem,
1116 1521 1217 1576 menta

104 1602 136 1662 ib
170 1602 259 1661 omni
288 1600 328 1661 ad
356 1601 518 1675 quicquam
547 1598 695 1682 relatione
716 1607 844 1676 praeter
867 1602 956 1661 deum
979 1601 1092 1678 libera,
1124 1618 1214 1678 quam

104 1684 237 1765 tdeptus
274 1700 353 1762 quaa
389 1701 511 1746 summa
546 1691 664 1761 poterat
700 1685 854 1746 humanae
891 1693 1022 1748 naturae
1057 1689 1215 1766 obtingere

104 1770 258 1851 lignitas,
293 1771 376 1832 velut
413 1773 583 1849 praemium
618 1773 727 1832 beatae
755 1772 837 1833 illius
868 1775 1060 1834 ascensionis
1090 1774 1215 1854 dignum

104 1860 310 1937 cognitionem
340 1864 473 1933 reportat
500 1859 646 1934 temporis
675 1865 768 1933 atque
794 1865 923 1920 naturae
952 1861 1076 1936 originis
1102 1860 1216 1922 descri-

104 1946 237 2020 stivam,
267 1945 337 2019 ipso
360 1943 419 2004 deo
440 1949 587 2020 tanquam
608 1948 680 2020 typo
705 1950 796 2018 atque
819 1945 958 2021 exemplo
981 1948 1123 2007 virtutum
1145 1964 1216 2023 pro-

104 2032 224 2107 insito,
261 2031 300 2089 ed
335 2030 429 2090 cuius·
452 2030 632 2108 imaginem,
667 2030 706 2089 ad
737 2030 860 2091 tabulae
888 2032 986 2092 instar
1017 2032 1213 2110 archetypum

104 2116 234 2191 pulchre
263 2116 420 2197 referentis
448 2121 611 2192 postquam
640 2131 675 2177 sc
703 2117 804 2191 ipsum
827 2116 1024 2188 deionnavit,
1052 2118 1091 2178 de
1113 2125 1215 2180 monte

104 2200 300 2278 lescendit,·
316 2201 432 2279 gloriae
461 2217 521 2276 qua
548 2202 717 2278 impertitus
748 2207 811 2278 est,
841 2204 969 2279 matiam
996 2203 1073 2263 lacte
1096 2220 1217 2279 quoque

104 2289 233 2365 reliquis
261 2289 352 2348 etiam
379 2288 553 2348 hominibus
584 2288 777 2365 significans,
806 2295 950 2363 tanquam
974 2288 1065 2348 divini
1086 2292 1148 2367 typi
1170 2298 1217 2368 ty·

104 2391 177 2449 pum
204 2377 305 2451 ipsum
334 2374 445 2435 lactum
475 2373 599 2451 largiter
627 2379 864 2449 repraesentans
895 2391 966 2435 sese
991 2381 1083 2451 alque
1105 2393 1218 2453 propo-

104 2477 193 2522 nens.
254 2458 289 2519 lit
324 2461 369 2519 sic
400 2459 513 2536 populo
543 2476 622 2535 quae
649 2461 724 2519 vidit
754 2475 893 2534 quaeque
922 2461 1036 2522 audivit
1064 2463 1216 2533 narrando

104 2547 222 2623 aperit,
255 2548 345 2607 etiam
374 2561 429 2621 per
457 2547 574 2607 litteras
603 2546 697 2606 veluti
719 2546 917 2607 hereditatem
942 2546 1095 2623 quandam
1118 2565 1136 2606 a
1158 2550 1216 2609 deo

104 2632 209 2694 latum
232 2633 399 2707 posteritati
424 2627 525 2692 divina
548 2634 693 2709 mysteria
715 2632 884 2692 relictums.
921 2629 924 2636 ’

104 2799 378 2902 Contemplatio
404 2805 558 2880 ducatus
584 2805 684 2898 Iesu,
713 2816 750 2880 et
775 2832 841 2906 per
866 2806 1060 2883 Iordanem
1087 2811 1215 2883 mansi·

150 2917 234 2999 cus,
268 2915 306 2980 et
340 2907 493 2982 ulterius
527 2909 573 2983 ab
609 2934 652 2984 eo
675 2934 741 3009 per
766 2910 932 3009 lapideos
959 2912 1135 2986 cultellos
1161 2915 1214 2988 in·

149 3011 303 3084 sciense
328 3011 626 3087 circumcisionis.

210 3139 263 3202 Sic
283 3142 388 3219 lesuS,
412 3142 526 3220 Moysis
551 3162 731 3221 successor,
754 3152 789 3207 ut
811 3146 907 3207 multa
930 3161 1010 3221 quae
1032 3146 1069 3206 de
1091 3162 1128 3208 eo
1146 3163 1215 3206 nar-

104 3233 208 3289 antur
230 3233 354 3305 propter
373 3245 520 3308 magnum
540 3248 645 3293 eorum
662 3248 822 3292 numerum
842 3230 1067 3310 transgrediar,
1089 3234 1214 3309 populo,

104 3314 150 3389 yui
182 3314 288 3375 multis
318 3321 407 3376 antea
437 3317 536 3377 modis
566 3319 596 3377 in
625 3336 725 3379 eremo
749 3318 787 3378 ad
812 3320 954 3394 pietatem
980 3318 1117 3379 eruditus
1140 3324 1214 3389 erat,

104 3404 171 3461 vost
193 3399 308 3477 Moysis
336 3403 366 3460 in
396 3411 500 3465 monte
527 3410 655 3464 mortem
685 3412 845 3481 susceptu,
876 3411 906 3465 et
933 3404 1057 3464 insolita
1085 3406 1215 3465 circum-

104 3486 226 3547 cisionis
256 3489 374 3547 ratione
396 3504 451 3564 per
471 3488 614 3564 lapideos
638 3490 777 3551 cultellos
801 3491 947 3565 lustrato,
982 3497 1146 3567 postquam
1169 3490 1213 3550 di-

104 3573 173 3632 vina
194 3587 269 3633 arca
291 3576 463 3648 praemisse
486 3577 663 3637 universmn
686 3577 830 3653 populum
854 3579 936 3637 sicco
958 3575 1117 3637 Iordanem
1135 3577 1213 3652 pede

104 3659 285 3733 venamini,
316 3656 504 3722 salvatorem
534 3679 589 3738 per
617 3664 717 3739 ipsum
750 3662 852 3739 Logon
882 3664 980 3739 typice
1010 3663 1212 3739 significabat,

104 3760 170 3805 eum
206 3746 258 3819 qui
295 3746 443 3822 abrogata
476 3747 623 3824 legalium
659 3750 910 3809 constitutionum
940 3748 1039 3810 littera
1069 3749 1212 3809 ducatum

104 3832 163 3889 reri
185 3829 330 3892 eldeum
353 3831 485 3893 videntis
507 3833 602 3894 lsrael
624 3837 655 3894 in
674 3835 859 3896 sublimitate
878 3835 1095 3912 cogitationum
1113 3836 1213 3895 obort-

104 3932 200 3976 nrum
223 3917 367 3992 suscipit,
400 3921 512 3994 quique
534 3937 624 3982 omne
646 3929 708 3982 tam
731 3922 824 3982 animi
848 3937 940 3996 quam
958 3922 1092 3996 corporis
1113 3923 1212 3999 inqul-

104 4008 277 4063 aamentum
302 4005 489 4065 acutissimo
524 4007 592 4069 lidei
627 4009 684 4083 ipsi
719 4013 859 4068 servatae
894 4009 986 4068 verbo
1016 4006 1211 4080 circumcidit,

168 4250 192 4302 1.
213 4249 305 4300 Manus
325 4251 408 4316 prima
427 4251 533 4303 dederat
557 4250 604 4303 xci
622 4270 668 4320 pro
686 4251 764 4309 cccci.

168 4336 191 4384 l.
212 4333 400 4401 Apographum
419 4332 560 4404 διαβάσεις.
