2752 4778
1176 174 1225 247 88

123 361 203 422 nobis
225 367 279 421 est
299 360 450 437 potentia,
472 359 705 436 praehonorans
727 360 870 420 omnibus
892 361 1044 420 virtutem.
1088 359 1228 423 Omnium

122 447 194 506 enlm
231 445 392 509 homiuum
427 445 553 506 eadem·
570 451 618 505 est
652 446 788 522 corporis
822 452 853 505 ιι
886 461 991 506 eorum
1027 461 1107 520 quae
1142 454 1229 513 extra

123 538 187 593 suut
216 534 379 594 conversio
406 538 439 592 et
467 532 671 606 mutabilitas,
705 547 785 605 quae
813 531 872 591 lert
893 532 1039 592 ecfertur
1061 539 1092 592 ιι
1115 533 1229 593 solum-

121 617 206 680 ncdo
234 619 297 680 boc
325 619 435 703 stabile
462 617 600 693 possidet
628 634 665 677 ac
694 617 812 678 firmum
841 617 923 691 quod
950 618 1093 679 instubite
1121 625 1169 680 est
1191 635 1228 679 ac

121 705 260 768 solubile.

120 826 296 931 Eiusdem
319 880 369 930 ex
390 879 560 931 sermone
581 855 622 928 in
645 853 907 946 Athanasium,
939 857 980 928 in
1002 817 1093 948 hoc,
1126 856 1226 948 ,Non

165 960 268 1034 enim
290 959 418 1033 hebet‘
443 959 535 1058 quid
555 957 668 1031 altius
693 983 803 1057 quam
827 959 978 1032 omniuo
1000 961 1123 1033 habet.
1174 1048 1177 1057 Ι

220 1095 350 1158 Videtur
377 1095 449 1156 mihi
478 1093 532 1172 pe'r
554 1095 633 1154 hacc
656 1094 829 1155 absolvisse
852 1097 891 1156 ab
914 1097 996 1156 omni
1018 1098 1226 1173 comparativo

123 1189 148 1244 et
175 1183 341 1243 discretivo
369 1188 400 1242 ιι
427 1180 642 1258 quoquomodo
665 1180 753 1242 aliter
775 1181 854 1242 dicto
877 1180 985 1242 habitu
1007 1183 1147 1244 edoctum
1170 1184 1226 1244 iste

124 1269 210 1330 deifer
237 1270 395 1348 magister
446 1266 557 1327 Num'
550 1283 731 1328 immensam
761 1283 832 1328 esse
860 1267 953 1328 talem
983 1269 1127 1329 orationis
1157 1285 1226 1344 spc-

125 1357 192 1416 ciem
214 1354 339 1427 dicunt,
373 1356 423 1431 qui
451 1355 481 1413 in
509 1354 621 1414 talibus
644 1346 799 1429 sapientes
823 1360 909 1429 sunt,
943 1351 966 1386 ²⁹
978 1362 1008 1414 ιι
1030 1355 1111 1414 hanc
1132 1371 1227 1430 posse

126 1442 394 1518 incomparabiliter
427 1456 521 1517 super
555 1440 656 1500 omnia
686 1456 756 1499 esse
784 1440 902 1516 dicere,
940 1442 1052 1517 quippe
1084 1442 1226 1501 virtutem

125 1526 207 1589 babet
229 1527 485 1604 supereminentis
510 1526 691 1603 negationis.

127 1674 310 1753 Eiusdem
321 1703 368 1752 ex
397 1679 626 1777 epitaphio
617 1704 656 1750 m
685 1673 861 1752 Sanctum
886 1676 1150 1770 Athanasium,
1185 1679 1225 1752 in

167 1781 252 1874 hoc,
279 1774 367 1874 ,Cur
391 1791 505 1880 rgrtur
524 1781 672 1854 hortum
694 1781 767 1854 fuit
789 1805 855 1880 per
878 1781 1059 1855 rationem
1083 1790 1120 1855 et
1141 1807 1224 1855 con·

167 1886 447 2007 templationem
475 1886 745 1982 pertranseunti
781 1886 974 1957 materiam
1004 1894 1041 1958 et
1079 1886 1224 1959 carnale

167 1986 279 2081 hoc,
289 1990 367 2062 sive
400 1988 570 2060 nimbum
595 1997 740 2087 oportet
760 1987 915 2079 dicere,
936 1989 1015 2062 sive
1037 1988 1220 2080 velamen,

167 2116 249 2165 cum
270 2091 341 2165 deo
365 2090 465 2181 fieri,
503 2100 538 2164 ιι
559 2091 755 2189 purissimo
777 2090 920 2163 lumine
947 2091 1082 2182 teneri,
1110 2117 1221 2191 quan·

166 2203 246 2269 tum
278 2192 456 2293 possibile
490 2203 545 2267 est
577 2194 761 2267 humanae
797 2201 949 2266 naturae
987 2193 1115 2267 beatus
1154 2196 1222 2269 iste

165 2297 375 2375 ascensione
388 2296 476 2377 hinc
492 2307 529 2371 ιι
544 2296 649 2370 illius
665 2297 906 2389 deificatione,
934 2297 980 2371 de
997 2322 1069 2395 qua
1082 2297 1221 2371 sincere

165 2398 418 2499 philosophari
437 2401 611 2491 donatur,
636 2398 675 2473 et
690 2425 801 2499 super
817 2400 1045 2474 materialem
1064 2400 1219 2475 dualita-

164 2514 240 2579 tem
261 2503 345 2577 fieri
368 2527 433 2601 per
454 2502 682 2578 intellectam
706 2504 745 2576 in
768 2503 931 2576 trinitate
956 2503 1158 2577 unitatem}

219 2637 286 2717 Ego
319 2637 439 2713 quidem
473 2655 533 2698 uon
564 2655 691 2715 possum
722 2637 900 2699 ³⁰delicieris
929 2638 1045 2700 hebere
1073 2639 1220 2700 redditam

124 2719 153 2782 ds
183 2725 294 2784 virtute
329 2731 505 2785 sanctorum
539 2725 676 2802 magistri
709 2725 875 2797 rationem,
916 2727 972 2785 etsi
1006 2724 1147 2800 quidam,
1188 2732 1222 2785 ut

124 2810 299 2887 scripsistis,
334 2809 394 2870 hoc
422 2811 621 2885 arbitrantur,
656 2827 711 2886 per
737 2809 798 2872 hoc
828 2812 945 2871 ratione
975 2818 1006 2870 et
1027 2813 1221 2889 ¹contempla·

122 2894 193 2957 tione
221 2896 414 2957 solummodo
440 2898 506 2957 sine
529 2898 649 2958 ectiono
670 2904 739 2972 post
761 2897 852 2957 deum
875 2899 1099 2959 transeuntium
1121 2900 1219 2974 ipsam

121 2978 213 3044 dicere
235 2980 478 3060 philosophiam
512 3000 530 3044 e
553 2985 704 3044 contrario
728 2999 799 3043 vero
823 2990 1012 3059 compactam
1035 2986 1147 3044 actioni
1169 3000 1221 3044 ve-

120 3083 177 3129 ram
206 3070 289 3129 circa
317 3085 355 3130 ea
382 3075 571 3143 quaesunt,
602 3085 706 3130 eorum
730 3074 760 3129 ιι
781 3068 995 3154 iudicationem
1018 3075 1049 3128 et
1070 3072 1221 3146 operatio-

120 3170 182 3217 nem
213 3170 305 3231 quum
331 3154 555 3231 philosophiam
579 3156 676 3215 solam
699 3171 771 3216 vere
792 3155 1005 3230 planissimam
1029 3171 1088 3233 ego
1111 3155 1220 3216 saltem

120 3240 215 3302 uudax
239 3240 350 3302 delinio
373 3242 471 3321 magis
495 3246 598 3318 aperte
619 3241 829 3302 introduxisse
858 3238 959 3301 “cam
989 3242 1140 3316 suscipio,
1170 3257 1221 3301 ra·

120 3326 191 3387 tione
222 3334 254 3387 ιι
283 3326 536 3403 contemplatione
567 3328 687 3405 corrigi·
704 3343 773 3387 eam
805 3324 827 3359 ³²
837 3327 1046 3388 manifestans.
1103 3325 1219 3404 Quippe

120 3413 219 3475 utoni
242 3414 406 3494 coniuncta
428 3415 551 3475 omnino
575 3415 695 3474 actione
717 3418 748 3473 ιι
768 3413 967 3487 iudicatione,
998 3427 1077 3487 quae
1096 3414 1127 3471 in
1151 3415 1220 3488 ipsa

120 3504 172 3575 cst,
196 3514 252 3577 per
273 3499 560 3576 contemplationem
584 3499 822 3577 comprehensa,
852 3500 1001 3574 siquidem
1024 3499 1150 3558 rationis
1171 3505 1219 3558 est

120 3586 254 3648 trdinare
281 3587 418 3661 corporis
448 3594 563 3648 motum
594 3586 687 3647 veluti
709 3586 815 3646 fraeno
838 3586 969 3660 quodum
992 3590 1075 3644 recta
1097 3585 1219 3644 ratioci-

120 3674 234 3733 catione
255 3672 294 3731 ab
318 3688 355 3732 ιο
378 3672 428 3746 qui
450 3679 498 3732 est
518 3673 558 3732 ad
581 3670 896 3746 3⁸inconsequentiam
919 3675 1022 3732 meatu
1045 3670 1219 3746 disciplina·

120 3762 177 3821 lter
205 3764 375 3833 retentum,
410 3758 673 3834 contemplationis
703 3774 775 3818 vero
799 3773 877 3840 quae
899 3758 976 3818 bene
998 3757 1152 3816 intellecta
1173 3761 1219 3816 ul-

120 3860 169 3923 que
205 3844 339 3907 discreta
375 3851 448 3905 sunt
481 3845 646 3920 prudenter
681 3843 828 3905 extollere
860 3843 1039 3913 iudicando,
1072 3849 1219 3917 tunquam

120 4046 135 4102 l.
154 4042 286 4102 ditaturus
305 4043 348 4094 ed.
367 4043 422 4096 Gal.
485 4043 510 4093 l.
531 4041 672 4110 νομιζουσι
692 4045 732 4095 cd.
751 4043 807 4096 Gal.
871 4044 893 4095 ἴ).
915 4041 1080 4110 &opputatur
1098 4045 1139 4097 cd.
1161 4045 1216 4098 Gal.

120 4116 133 4167 l.
152 4113 185 4167 τᾶ
205 4131 256 4166 om.
276 4113 334 4164 cod.
356 4112 424 4163 Gnd.
503 4113 508 4124 '

176 4204 219 4257 29.
240 4203 319 4251 Verte
337 4204 366 4252 ιι
379 4202 456 4252 idem
470 4203 570 4252 calere
582 4215 618 4252 uc
631 4208 692 4252 cett.
713 4201 807 4264 (Gale.)
863 4201 904 4255 30.
925 4203 1001 4252 Verte
1018 4204 1216 4268 insperlbctom

120 4276 289 4326 taminare.
315 4268 411 4334 (Gale.)
472 4269 513 4322 31.
532 4271 602 4336 Lege
621 4284 692 4322 earet.
718 4270 814 4335 (Gale.)
875 4274 916 4323 32.
938 4272 1007 4338 Lego
1025 4273 1217 4338 manifestan-

120 4355 174 4396 ιιι.
195 4337 292 4408 (dale.)
346 4336 388 4391 33.
408 4338 514 4389 Rectius
530 4341 718 4403 pirurritatem.
739 4338 835 4403 (Gale.)

964 4408 1009 4469 ὅ*
