2768 4784
1150 199 1222 279 282

122 383 304 445 nationem.i
348 381 413 442 Non
437 380 519 457 quod
541 385 650 457 postea
673 381 765 457 plane
785 398 846 443 non
869 383 989 445 tuturus
1012 388 1053 449 sit
1073 403 1135 449 una
1155 405 1225 450 curn

122 470 175 541 eis,
191 468 262 531 sed
293 468 376 545 quod
404 468 559 530 sublimior
589 468 727 529 videlicet
757 470 797 529 s'it
818 470 936 531 futurus
960 486 1050 545 quarn
1074 489 1164 548 quem
1188 491 1225 536 eo

122 571 214 631 usque
239 555 434 640 humiliorem
465 556 638 630 novissent,
655 597 657 601 «
672 561 707 614 ιιι
739 570 829 631 quem
862 557 901 615 ad
934 573 1021 618 suam
1052 559 1224 621 facultatem

122 642 290 720 aagendam
320 648 427 703 essent
457 642 598 718 agnituri.
654 640 737 703 idern
766 644 847 703 enim
875 659 929 718 per
957 660 991 703 se
1020 662 1141 722 semper
1163 649 1227 707 exi·

122 733 217 805 dens,
240 729 419 803 nullamque
438 744 478 787 ex
497 729 707 789 immutatione
725 730 972 803 conversionem,
996 734 1104 793 necin
1128 735 1226 810 magis

122 820 169 875 tut
189 816 292 877 minus
315 820 515 892 augmentum
538 820 592 874 aut
613 815 853 877 imminutionem
876 815 1055 891 admittens,
1085 821 1226 881 omnibus

122 903 217 962 omnia
250 919 306 978 per
341 901 484 962 bonitatis
517 899 550 961 tit
585 903 851 977 exsuperantiam,
890 901 1012 963 humilis
1049 904 1224 980 humilibus,

122 988 255 1049 sublimis
284 987 481 1061 sublimibus,
516 992 546 1047 et
575 988 619 1047 eis
648 989 699 1062 qui
729 1005 764 1048 sa
792 989 1025 1065 perseipsum
1048 990 1226 1053 deificentur

122 1076 236 1151 proprie
272 1075 366 1150 dens,
406 1073 484 1134 adeo
518 1079 552 1134 ιιι
585 1076 755 1150 praesentis
790 1076 856 1135 aevi
886 1076 989 1135 omnia
1017 1078 1225 1152 providentiae

122 1160 197 1221 circe
225 1159 379 1221 hominem
409 1160 525 1223 formae
554 1166 646 1235 atque
677 1163 836 1236 mysteria,
875 1167 1114 1239 quantacunque
1143 1171 1223 1240 sunt,

122 1246 184 1307 vine
203 1247 400 1324 praeparatio
423 1252 454 1307 et
473 1247 641 1307 futurorum
666 1250 791 1322 praevia
814 1248 977 1324 descriptio
1000 1251 1048 1309 sil.
1095 1250 1224 1326 Compa-

122 1338 200 1393 ratus
230 1335 321 1411 igitur
350 1339 380 1393 et
406 1333 474 1408 ipse
502 1333 615 1393 domini
643 1334 846 1410 perceptibilis
875 1335 994 1394 interim
1024 1352 1125 1396 sermo
1155 1353 1223 1398 cum

122 1434 153 1479 eo
180 1421 232 1497 qui
261 1420 360 1498 magis
390 1421 538 1496 mysticus
566 1419 722 1495 discipulis
752 1421 823 1480 olim
852 1421 988 1495 dabitur,
1020 1428 1051 1483 et.
1078 1424 1223 1500 pristinus

122 1506 180 1567 dus
202 1522 311 1567 rursus
334 1522 403 1567 curn
426 1506 563 1566 secundo
586 1506 754 1578 adventus,
778 1508 826 1567 sui
848 1509 944 1583 ipsius
966 1524 1148 1584 praecursor
1166 1517 1222 1586 est,

122 1590 246 1653 macore
280 1591 400 1667 quidem
430 1593 460 1651 in
491 1609 525 1652 sa
555 1592 722 1653 ostendens
752 1594 791 1653 ad
822 1594 1009 1655 audientium
1039 1595 1222 1672 facultatem,

122 1694 175 1739 non
197 1678 406 1755 patefaciens,
439 1695 520 1738 nunc
544 1680 675 1754 quaein
699 1679 819 1740 occulto
841 1698 937 1756 penes
961 1698 996 1741 se
1019 1684 1109 1743 tacita
1132 1682 1225 1755 babet

122 1766 276 1843 mysteria,
300 1771 462 1842 propterea
485 1766 568 1840 qnod
589 1767 706 1826 interim
731 1768 894 1829 conditioni
918 1767 1008 1842 plane
1032 1770 1093 1828 sint
1114 1771 1225 1845 imper-

122 1850 276 1927 ceptibilis.
330 1851 477 1926 Quicquid
507 1853 604 1928 enim,
635 1857 668 1912 ut
691 1852 768 1928 dixi,
800 1853 907 1914 litteris
930 1855 1068 1915 subiacet
1091 1860 1121 1915 et
1143 1858 1225 1917 voci-

122 1940 189 2012 bus,
218 1937 249 1997 id
279 1936 342 1997 lieri
371 1954 432 1998 non
460 1944 562 2013 potest
584 1939 656 2013 quin
679 1945 710 1999 et
732 1956 822 2000 suurn
846 1957 886 1999 ex
908 1946 1006 2000 semet
1027 1941 1222 2018 intellectum,

122 2023 162 2083 vel
189 2026 217 2084 si
247 2023 403 2100 spirituale
434 2024 504 2099 quid
534 2026 589 2099 sit,
620 2031 772 2099 quatenus
795 2025 1032 2100 haudquaquam
1053 2029 1083 2084 in
1107 2028 1223 2089 litteras

122 2114 205 2186 atque
234 2110 437 2173 elocutionem
467 2111 563 2185 cadit,
593 2116 739 2187 tanquam
771 2113 810 2189 qd
839 2112 1032 2172 manifestum
1053 2118 1083 2173 el
1106 2117 1222 2189 perspi·

122 2212 203 2259 cuum
239 2195 349 2275 dirigat
385 2199 527 2272 verbum;
564 2197 694 2273 ideoque
729 2213 930 2273 quaecunque
966 2214 984 2257 a
1013 2199 1133 2259 Christo
1163 2199 1222 2259 deo

122 2282 273 2360 discipulis
308 2284 339 2343 in
373 2284 605 2344 inenarrabilem
646 2284 833 2346 intellectum
873 2291 902 2345 et
942 2287 1220 2362 interpretationem

122 2366 195 2431 dieta
228 2375 302 2430 sunt
335 2369 480 2430 loannem
514 2370 645 2430 fortasse
682 2371 802 2431 divinus
835 2371 884 2430 hic
912 2371 1019 2431 doctor
1049 2371 1222 2448 appellavit,

122 2470 346 2531 praecursorem
373 2457 504 2534 gratiam
535 2474 574 2518 ex
602 2474 640 2518 eo
668 2471 728 2531 quo
751 2457 790 2517 ad
813 2456 1019 2532 recipiendum
1043 2464 1133 2534 aptus
1156 2464 1222 2528 erat

122 2540 241 2615 pulchre
263 2548 356 2618 atque
377 2543 532 2618 sapienter
553 2545 726 2605 nominans.

122 2690 171 2769 dx
203 2693 335 2769 eodem
366 2719 552 2787 sermone,
585 2697 625 2768 in
652 2695 769 2787 illud,
811 2693 1037 2795 ,Disputatio
1064 2721 1151 2772 vero
1180 2698 1222 2772 ea

164 2796 327 2897 quaeda
353 2797 421 2872 deo
445 2798 659 2896 suscipitur,
687 2824 758 2898 quo
777 2800 988 2897 perfectior,
1015 2825 1058 2875 eo
1077 2826 1221 2901 quoque

151 2900 356 2975 difficilior
389 2909 460 2994 ast,
494 2901 740 3002 pluribusque
771 2901 1076 2978 obiectationibus
1111 2914 1220 3004 patet,

162 3006 202 3078 in
235 3004 354 3103 iisque
389 3004 577 3079 diluendis
611 3032 651 3080 ac
685 3006 932 3080 dissolvendis
966 3008 1052 3105 plus
1084 3009 1220 3106 negotii

161 3107 333 3183 facessit‘

219 3237 252 3299 Si
274 3256 352 3316 quae
374 3240 455 3300 facta
478 3246 550 3302 sunt
573 3240 669 3300 multa
689 3246 776 3316 sunt,
800 3240 941 3301 differunt
959 3255 1079 3318 quoqne
1098 3244 1220 3301 ornnino

122 3342 189 3403 qnae
211 3326 400 3400 factasunt,
425 3327 574 3403 siquidem
597 3326 694 3387 multa
717 3331 796 3387 sunl.
843 3326 917 3388 Fieri
941 3330 1019 3388 enim
1041 3344 1101 3388 non
1121 3334 1222 3403 potest

122 3412 182 3489 quin
212 3427 292 3488 quae
322 3413 417 3473 multa
447 3412 555 3473 eadem
585 3429 645 3474 nou
675 3417 704 3472 et
733 3413 855 3474 diversa
883 3415 954 3475 sint.
1004 3414 1103 3489 Atque
1126 3416 1152 3473 si
1175 3414 1221 3475 di·

122 3514 202 3560 versa
232 3505 305 3559 sunt
327 3498 437 3570 multa,
469 3499 609 3560 diversae
632 3504 705 3559 sunt
727 3501 816 3561 etiam
840 3499 1065 3577 intellegendae
1085 3502 1219 3561 rationes

122 3586 221 3661 quibus
244 3584 414 3646 secundnm
437 3587 602 3646 essentiam
625 3587 773 3657 existunt,
811 3588 921 3660 quibus
945 3593 975 3646 et
996 3592 1118 3665 propter
1141 3603 1218 3663 quas

122 3669 209 3749 napis
233 3670 374 3732 differunt
396 3687 474 3747 quae
497 3671 651 3746 differunt,
687 3688 747 3732 non
772 3672 852 3733 enim
875 3675 953 3734 inter
974 3690 1044 3735 sese
1067 3672 1220 3733 differrent

122 3773 189 3834 quae
226 3756 383 3829 differunt,
420 3760 479 3819 nisi
507 3761 641 3819 rationes
672 3760 782 3832 quibus
811 3759 891 3818 fecta
919 3765 991 3819 sunt
1020 3758 1217 3820 differentiam

122 3844 268 3905 rabaoent.
319 3841 350 3902 Si
378 3844 485 3921 igitur,
522 3851 556 3905 ut
587 3861 698 3904 sensus
729 3843 906 3905 naturaliter
936 3846 1094 3906 sensibilia
1125 3847 1219 3921 perci·

122 3930 227 3991 tlentoe
256 3932 432 3990 necessario
463 3931 576 3992 multas
604 3947 660 4006 pro
688 3931 861 4006 receptione
889 3930 1006 3992 faciunt
1027 3937 1058 3992 et
1080 3932 1219 3993 diversas

122 4022 216 4078 tarum
254 4032 332 4091 quae
368 4018 529 4077 subiacent
565 4018 710 4077 sensibus
745 4022 775 4076 et
807 4017 968 4078 succidunt
996 4020 1217 4094 perceptiones,

122 4102 154 4163 le
188 4103 281 4163 etiam
318 4119 421 4178 mens,
458 4119 528 4163 cum
561 4119 669 4163 omnes
698 4101 875 4163 naturaliter
902 4104 932 4161 in
961 4105 1053 4165 rebus
1083 4105 1218 4165 rationes

122 4190 271 4266 terdplat,
311 4191 342 4248 in
376 4190 486 4264 quibus
518 4190 642 4249 infinitis
675 4190 723 4249 dei
756 4189 892 4249 actiones
926 4189 1073 4250 intuendo
1107 4191 1218 4252 multas

122 4274 200 4337 laet
221 4280 254 4336 et
273 4276 424 4352 infinitas,
446 4282 481 4336 ιιι
502 4292 608 4337 verum
630 4275 745 4349 dicam,
773 4275 941 4336 divinarum
963 4292 982 4336 a
1005 4293 1040 4337 se
1061 4283 1219 4354 percepta·

122 4374 176 4423 um
204 4363 358 4423 actionum
388 4364 591 4437 virtutumque
620 4360 821 4437 differentias,
857 4362 974 4423 infirma
1002 4368 1104 4426 utetur
1132 4365 1220 4423 nimi-
