2752 4778
246 174 361 300 τιΙ

244 359 491 474 ἀνθρωπότητα
497 362 772 440 καταξιώσαντος,
794 358 904 440 καθώς
924 368 1179 475 προωρίσθημτν
1190 364 1266 471 ’πρό
1289 364 1343 431 τῶν

246 449 372 556 αλώνων
400 447 491 514 66³
453 455 538 558 αυτῷ
564 443 646 516 εἶναι
675 445 717 525 ῶς
743 449 821 530 μέλη
851 453 909 515 τοῦ
935 448 1084 534 σώματος
1104 447 1223 533 αάτοῦ,
1250 453 1374 536 φιιγᾷςΙ

247 535 369 647 τρόπον
402 535 485 640 πρός
518 539 612 620 σῶμα
647 535 679 600 έν
712 531 866 617 πνεέματι
904 540 1225 646 συναρμολογοέντος
1235 502 1374 1073 666¹

247 628 300 688 καὶ
331 621 603 731 συμβιβάζοντος,
624 627 677 687 καὶ
707 620 752 695 εἷς
772 623 889 707 μέτρον
911 617 1046 705 ἀγοντος
1065 618 1193 733 ήλικίας
1213 646 1341 727 πνευμιε

247 712 333 787 τικῆς
353 711 411 771 τοῦ
431 705 496 773 κατ’
526 705 625 772 αάτδν
645 705 870 813 πληρώματος,
901 706 1000 784 έδειξε
1021 714 1076 774 καί
1096 705 1200 820 6665
1201 707 1255 774 έπι
1277 732 1341 775 τον·

250 818 291 905 ιφ
318 797 526 899 γεγενῆσθαι,
553 798 608 858 καὶ
628 791 691 857 τόν
717 790 804 901 πρὸ
805 796 867 858 τῶν
889 791 1014 858 αίῶνων
1035 819 1075 859 πε
1096 799 1109 859 6
1124 791 1217 903 ἡμᾶς
1235 794 1341 859 “m-

248 885 393 985 ταγμθον
413 882 571 945 1066606
593 877 732 960 σκοπόν,
764 877 806 962 μή
829 876 999 963 δεξόμενον
1020 886 1087 946 καθ
1118 876 1229 947 ότιόόν
1247 906 1341 946 καινι·

248 963 331 1050 σμόν
358 964 438 1032 κατὰ
466 964 522 1030 τόν
549 965 633 1030 λ’διον
660 963 773 1048 λόγον,
814 965 860 1040 είς
885 965 1076 1070 πλήρωσιν
1079 970 1115 1031 66
1143 965 1284 1032 ἐλθόντα
1308 961 1341 1031 δέ

220 1051 346 1117 ..ἀλλον
374 1048 491 1131 δηλαδή
516 1049 763 1158 έπειςαχθὲντος
789 1053 973 1157 καινοτέρου
990 1056 997 1136 Ι
1016 1051 1148 1137 τρόπου.
1185 1050 1270 1118 Ἔδει
1288 1046 1341 1137 γάρ

249 1141 305 1205 τοῦ
325 1141 385 1247 μὲν
405 1135 523 1203 θεοῶ’
511 1141 611 1224 εαυτῷ
633 1133 767 1220 ὁμοίους
778 1129 867 1246 ἦμάς
888 1136 1084 1217 ποιήσαντος
1115 1140 1172 1226 (τῷ
1195 1138 1216 1204 6
1235 1162 1279 1204 ειν
1297 1142 1343 1219 τῆς

247 1221 356 1290 αάτου
331 1219 576 1333 ”ἀγριθότητος
585 1226 748 1328 μεθεκτῶς
769 1218 884 1330 ἀκριβῆ
901 1230 1122 1328 γνωρίσματα,
1144 1249 1200 1289 και
1189 1164 1251 1290 66
1240 1221 1344 1331 ,υνδερ

247 1305 329 1376 εἶναι
356 1307 421 1412 πρδ
450 1313 511 1373 τῶν
541 1307 665 1373 αἰώνων
692 1307 929 1388 σκοπήσαντος,
967 1316 1021 1375 καὶ
1051 1305 1109 1376 τόν
1128 1310 1176 1385 είς
1197 1314 1293 1376 τοῦτο
1310 1332 1373 1375 το

247 1394 516 1482 παμμακάριστον
545 1391 662 1498 ἀγοντα
692 1398 794 1476 τέλος,
822 1393 935 1471 δόντος
962 1392 1038 1480 ἡμῖν
1065 1395 1188 1506 τρόπον
1217 1393 1270 1462 διά
1297 1394 1343 1475 τής

248 1487 310 1548 τῶν
338 1485 482 1566 φυσικῶν
510 1477 672 1564 δυνάμεων
699 1477 907 1587 εάχρηστίας,
930 1485 987 1573 τοῦ
1008 1485 1044 1546 66
1064 1479 1243 1588 ἀνθρώπου
1264 1478 1345 1548 έκοτ·

248 1574 326 1644 σίως
357 1573 470 1633 τοῦτον
501 1569 761 1677 παρωσαμένοιι
763 1564 819 1631 τόν
827 1566 983 1675 τρόπον
997 1572 1034 1648 τῆ
1059 1567 1263 1653 παραχρήσει
1290 1570 1343 1633 τόν
1368 1578 1373 1595 ’

248 1657 404 1761 φυσικῶν
418 1652 651 1762 δυνάμεων),“
639 1677 691 1716 ινα
718 1650 761 1762 μή
789 1645 909 1755 πόρρω
925 1657 983 1719 τοῦ
1004 1636 1086 1719 θεοῦ
1106 1657 1236 1738 γένηται
1258 1657 1342 1731 ξενοτ-
1369 1668 1373 1689 ·

247 1735 358 1815 θεὶς·ι
342 1764 360 1804 ο
382 1735 572 1843 ἄνθρωπος,
599 1735 697 1804 ἀλλον
719 1736 963 1846 ἀπειςαχθήναι
985 1743 1044 1806 τοῦ
1063 1744 1226 1849 προτέρου
1247 1762 1344 1824 παρσ-

249 1823 420 1934 δρξότερόν
437 1850 469 1889 τε
491 1831 544 1890 καὶ
552 1824 906 1935 θεοπρεπέστερον,“
886 1849 964 1891 οσον
984 1830 1041 1891 τοῦ
1062 1825 1142 1891 κατά
1163 1826 1264 1937 φῶσιν
1285 1825 1344 1892 ἀντὶ

249 1912 285 1976 τό
314 1908 393 1994 έπέρ
423 1907 522 1996 φόσιν
543 1907 712 1994 ἀνώτερον.
753 1914 820 1974 Καὶ
842 1915 934 1976 τοῦτο
928 1909 1083 1978 ’ἐστι
1046 1937 1100 1992 της
1104 1911 1205 2017 πρός
1226 1908 1345 2023 ἀνθρώ-

249 2022 328 2074 πους
347 2022 405 2062 του
391 2001 509 2062 ’θεοῦ
528 1995 762 2104 μυστικωτάτης
784 1994 1027 2106 ἐπιδημίας,
1004 2023 1047 2075 ως
1065 1997 1180 2074 πάντες
1200 1996 1346 2064 πιστεόο·

191 2109 321 2190 ,μεν,
351 2080 387 2147 τό
415 2083 602 2187 μυστήριον.
651 2083 694 2145 Εἰ
700 2081 803 2191 γὰρ,
831 2088 948 2193 φησὶν
950 2080 969 2149 6
990 2090 1084 2161 θεῖος
1105 2077 1345 2166 666670605,6

248 2169 356 2276 πρώτη
384 2169 521 2251 διαθήκη
551 2166 717 2253 έμεινεν”
694 2195 727 2251 αμ
715 2193 875 2252 μεμπτος,
910 2165 967 2235 οάκ
988 2167 1027 2235 ἀν
1048 2173 1197 2279 δευτέρας
1218 2108 1346 2252 ἐζητεῖτέ

250 2257 357 2332 τόπος.
408 2258 475 2321 Καὶ
503 2254 564 2340 γάρ
595 2259 677 2328 πᾶσι
705 2254 882 2333 κατάδηλόν
905 2252 1059 2336 ἐστιν,ε
1036 2281 1079 2333 ως
1100 2254 1137 2322 τό
1163 2256 1197 2322 έν
1203 2258 1348 2365 Χρισῐᾷ

249 2342 323 2427 γενέ
347 2367 419 2408 ενον
448 2341 500 2406 ἐπὶ
531 2345 612 2406 τέλει
635 2343 692 2406 τοῦ
713 2341 830 2418 αἰῶνος
849 2341 1025 2451 μυστήριον
1046 2338 1279 2448 ἀναμφιβόλως
1297 2344 1348 2408 τοῦ

87 2444 121 2484 ¹¹
131 2445 174 2485 ¹¹¹
183 2456 200 2494 ι
208 2437 238 2482 ³⁰
250 2430 283 2494 έν
293 2369 394 2540 6666
422 2432 479 2494 τοῦ
506 2429 623 2503 αἰῶνος
643 2427 676 2492 έν
697 2430 742 2512 τῷ
749 2426 947 2537 Ηπροπάτορι
969 2433 1168 2515 παρεθέντος
1188 2425 1347 2506 ἀπόδειξις

249 2520 303 2581 καὶ
325 2498 554 2622 ἀπόπλήρωσίς
575 2512 672 2580 ἐστιν.
714 2490 812 2621 ⁶⁵¹6
836 2505 893 2578 οὖν
899 2539 1077 2625 χρησιμως
1098 2515 1221 2601 εἴρηται
1242 2540 1286 2604 τῳ
1271 2517 1347 2579 ”δι·

250 2597 442 2688 6666666‘
426 2627 442 2679 6
474 2604 528 2677 τῆς
547 2606 672 2710 μοίρας
698 2598 801 2710 φωνή,
831 2599 910 2665 κατά
939 2597 1014 2707 ταώς
1035 2598 1258 2679 ἀποδοθέντας
1276 2596 1347 2711 τρό-

249 2710 345 2767 πους,
367 2692 420 2752 καὶ
441 2689 504 2761 πῶς
525 2682 648 2768 εάγενής
664 2691 718 2750 καὶ
736 2684 839 2792 ψυχήν
856 2693 910 2752 καὶ
928 2687 1050 2770 τρόπον
1068 2685 1236 2764 δέξαιτο*
1213 2714 1256 2753 αν
1271 2687 1346 2753 οέτυ

250 2775 417 2855 λεγομένην
434 2769 488 2850 τήν
499 2769 617 2880 φωνήν,
636 2771 823 2882 μηδεμίαν
811 2798 911 2859 εαυτῳ
897 2777 1058 2882 κυβείαν
1071 2777 1237 2858 λογισμῶν
1249 2790 1347 2855 παρὰ·

250 2861 381 2942 γεννῶν,
403 2856 496 2933 εἰδώς
512 2853 627 2922 ταάτόν
644 2851 726 2923 εἶναι
743 2883 786 2946 τῳ
773 2858 941 2941 μέλει
909 2884 964 2939 την
979 2871 1098 2971 μοῖραν
1115 2859 1148 2924 ἐν
1163 2870 1234 2937 τοῖς
1245 2856 1347 2926 τοιοέ·

251 2969 327 3019 τοις
349 2941 453 3007 Εί
414 2968 475 3028 γαρ
490 2946 588 3028 μέρος
601 2947 659 3009 τοῦ
676 2923 823 3054 σώματος
826 2942 1004 3054 υπάργει
986 2971 1022 3010 το
1014 2945 1145 3029 μέλος,
1158 2970 1195 3012 το
1184 2943 1347 3029 δὲμέλος

252 3026 366 3094 ταάτόν
388 3028 515 3095 έστι
457 3056 513 3135 τη
534 3036 653 3116 μοίρᾳ,
682 3028 797 3095 ταάτόν
818 3056 881 3142 αρα
904 3057 940 3096 το
962 3034 1059 3116 μέλος
1079 3058 1124 3142 τη
1101 3035 1238 3120 ”μοίρητ
1255 3032 1347 3100 ἔσται

254 3117 294 3181 Εί
316 3119 351 3182 δὲ
373 3113 486 3181 ταάτόν
504 3141 547 3204 τῳ
534 3116 683 3225 μέλει
668 3123 754 3182 εστὶν
769 3113 787 3224 6
801 3128 919 3201 μοῖρα,
938 3122 1043 3227 μελῶν
1057 3121 1091 3183 66
1098 3101 1288 3227 ἀθροισμός
1300 3120 1347 3184 κτλ

88 3218 136 3260 ¹¹0¹
150 3219 165 3259 ¹
172 3212 211 3257 ¹³²
223 3219 243 3259 ¹
252 3202 404 3278 σύνθεσις
407 3206 510 3310 σῶμα
524 3226 612 3266 ποιει
602 3199 657 3290 ”³6
638 3201 818 3287 οργανικδν,
840 3207 932 3287 σῶμα
947 3200 1016 3269 66'
984 3203 1169 3314 μργανικδν
1208 3232 1265 3297 υχη
1250 3203 1348 3270 '⁴666-

251 3293 312 3355 θὲν
328 3312 420 3374 νοερτμ
407 3287 616 3396 ἀνθρωπον
635 3295 755 3354 τέλειον
778 3289 1000 3370 δείκνυσιν,”’
979 3315 1041 3376 ιιρα
1056 3293 1173 3398 μέρος
1181 3273 1349 3403 ανθρώπου

252 3373 384 3483 ἀλέγων
400 3352 529 3439 εἶναι
496 3399 550 3453 την
567 3371 671 3458 ψυχήν
688 3372 708 3454 6
723 3374 758 3439 τό
775 3374 896 3459 σῶμαῆ
893 3372 1029 3484 μέλος
1024 3374 1125 3442 αάτοῶ
1136 3380 1190 3456 τῆς
1202 3374 1350 3458 ἀληθείας

252 3459 312 3547 οάχ
326 3458 553 3569 ἁμαρτήσεται.
585 3461 627 3524 Εἰ
642 3464 730 3525 66
694 3487 747 3540 της
759 3466 872 3546 νοερᾶς
887 3467 990 3566 ψυχῆς
1006 3458 1048 3538 ὡς
1062 3458 1271 3571 ἀνθρώπου
1254 3460 1351 3571 υπάρ·

250 3573 300 3633 χει
319 3546 356 3611 τό
373 3551 466 3652 σῶμα
485 3542 639 3656 ὄργανον,
660 3543 699 3610 δι’
716 3547 794 3611 όλου
811 3552 846 3612 66
864 3552 927 3613 τοῦ
934 3547 1084 3632 σώματος
1099 3549 1156 3629 ὅλη
1174 3542 1350 3655 χωροέσσῆ

250 3630 345 3743 ψυχή
353 3629 389 3696 τό
408 3629 517 3711 ζῆν’
478 3636 577 3739 αυτῷ
584 3639 638 3696 καὶ
659 3638 821 3699 κινεῖσθαι
845 3637 993 3712 δίδωσιν,
1016 3659 1059 3710 ως
1079 3640 1162 3714 απλη
1185 3662 1243 3716 την
1263 3633 1351 3744 φῶσιν

252 3726 304 3785 καὶ
307 3715 511 3829 ἀσώματος,
536 3716 579 3801 μή
602 3719 928 3829 συνδιατεμνομένη’
908 3747 925 3799 η
950 3725 1241 3834 συναποκλειομένη
1264 3714 1352 3832 αέτρι,

252 3802 318 3871 ἀλλ
333 3805 467 3892 ὅλῳκαὶ
482 3803 604 3911 ἑκάστῳ
620 3802 792 3871 τῶναάτου
778 3799 969 3916 μελῶν,ς
945 3833 987 3884 ως
1004 3809 1142 3891 πέφυκεν
1159 3804 1262 3888 αάτην
1277 3805 1352 3873 οπο·

253 3869 438 4001 δέχεσθάηι
420 3888 499 3955 κατά
500 3888 568 3995 τὴν
580 3895 722 3976 φυσικῶς
733 3888 940 4000 ἀποκειμένην
954 3891 1038 3982 αάτῳ
1024 3894 1246 3974 δεκτικήν”
1207 3919 1263 3976 της
1275 3893 1353 4000 δνερ·

252 3984 340 4060 γείας
361 3973 454 4056 αάτής
471 3969 619 4061 δόναμιν,
645 3977 701 4058 ὅλη
718 3983 868 4061 παροῦσα
886 4005 923 4043 τα
911 3957 1161 4084 διαφόρως
1122 3985 1217 4061 αυτῆς
1233 3976 1352 4047 δεκτικὰ

253 4067 329 4148 μέλη
347 4059 509 4170 ἀναλόγως
520 4062 603 4175 πρός
614 4063 669 4171 την
682 4069 739 4130 τοῦ
750 4066 785 4131 ’ἓν
796 4059 878 4176 εἶναι
869 4069 986 4175 σῶμα
999 4065 1187 4174 συντήρησιν
1205 4067 1351 4154 έπισφίγτ

254 4175 318 4234 γει,
342 4144 555 4231 ὅδηγείσθω
541 4156 594 4214 επὶ
612 4149 648 4216 τδ
666 4154 747 4234 μέγα
765 4157 818 4216 καὶ
838 4148 976 4238 ἀρρητον
999 4158 1053 4231 τῆς
1074 4159 1136 4218 τῶν
1154 4155 1353 4239 Χριστιανῶν

321 4352 363 4406 64.
382 4346 554 4416 πανάγαθον
571 4351 612 4402 ed.
633 4351 688 4404 Gal.
