2752 4778
1167 181 1240 261 241

120 377 245 438 musa,
273 364 386 438 lnquit,
415 361 573 437 dicuntur,
604 378 641 422 ea
663 363 755 424 etiarn
779 362 818 424 de
838 379 875 427 εο
899 363 981 439 quud
1004 362 1044 424 de
1066 371 1175 429 natura
1194 375 1243 430 est

120 446 277 510 licentur.
328 447 432 522 Neque
460 451 541 508 enirn
563 449 688 508 rollonis
711 455 759 508 est
779 466 816 511 ea
839 465 932 524 quae,
964 454 999 508 ut
1019 453 1161 527 exemplo
1182 453 1243 517 hue

120 539 213 606 ειιιι,
245 536 285 596 de
313 536 451 610 sapiente
480 535 526 593 vel
556 551 628 610 rege
657 541 689 594 ut
717 535 856 610 sapiente
879 536 926 596 vel
949 541 982 595 nt
1004 552 1077 613 rege
1099 538 1241 601 dicuntur

120 623 221 683 ειὶιιιιι
244 622 284 682 de
307 639 344 682 eo
366 619 446 695 quod
469 620 518 682 his
540 623 680 681 subiacet
698 620 815 692 dicere,
838 627 872 683 ut
889 622 1080 694 horninibus,
1104 632 1132 684 et
1153 643 1242 702 prce·

120 712 172 769 ter
208 708 309 785 legero
345 712 500 769 essentiae
536 707 710 768 delinitione
745 724 851 768 eorum
882 723 961 782 quae
990 711 1151 771 subiacent
1179 728 1241 773 una

120 793 389 871 comprehendere
419 809 497 867 quae
528 793 566 852 de
594 795 742 868 sapientia
771 800 804 854 ut
833 796 1001 870 sapientia,
1032 811 1172 872 quaeque
1201 797 1241 862 de

120 896 226 958 reguo
254 886 289 943 ut
316 896 413 956 reguo
443 879 601 953 dicuutur,
631 880 661 939 id
691 885 736 939 est
760 895 840 954 quae
862 880 935 940 nihil
958 882 1082 941 omnino
1104 899 1242 945 commu·

120 968 235 1047 niceni
266 982 334 1027 curn
367 966 487 1027 ratione
519 966 689 1039 essentiae,
725 971 760 1025 ut
789 965 971 1026 differentias
1000 969 1101 1045 ipsam
1127 971 1242 1030 consti·

120 1058 252 1114 tuentes
281 1059 311 1113 et
341 1050 531 1126 complentes
559 1054 626 1111 eius
655 1051 859 1112 definitionem
890 1053 1059 1114 admittere.
1122 1053 1240 1120 Deinde

120 1140 297 1216 sapientius
331 1138 476 1198 adiuncto
515 1139 559 1198 eis
595 1154 633 1197 ex
661 1139 867 1214 propositione
896 1140 1033 1214 ipsorum
1062 1139 1240 1218 syllogismo

120 1242 185 1286 suo
205 1227 342 1301 ipsorum
366 1241 421 1282 ecs
445 1224 547 1301 gladio
569 1224 695 1302 iugulat.
748 1223 834 1297 Quae
857 1226 898 1284 ita
921 1243 955 1284 se
977 1225 1107 1286 habent:
1141 1227 1240 1299 ,Alio-

121 1313 177 1388 qui
208 1311 280 1386 quid
309 1311 448 1386 prohibet
477 1312 641 1385 quominus
672 1313 737 1386 ipse
760 1326 883 1387 quoque
905 1312 998 1373 allata
1020 1312 1078 1373 hac
1100 1314 1239 1388 proposi-

120 1401 226 1468 tione,
264 1397 350 1458 Pater
377 1398 475 1456 maior
504 1404 613 1458 natura
644 1404 706 1467 est,
735 1413 772 1457 ac
804 1397 914 1457 deinde
944 1403 1104 1473 assumpta
1133 1399 1239 1472 altera,

120 1483 241 1545 Natura
270 1489 372 1544 autem
401 1485 526 1544 omuino
556 1501 616 1543 non
646 1484 760 1559 maior,
798 1501 854 1544 nec
883 1488 982 1560 puter,
1013 1486 1056 1544 lta
1084 1491 1239 1559 postremo

121 1569 326 1631 concludam:
349 1569 447 1629 Maius
465 1571 555 1644 igitur
572 1569 698 1629 omnino
714 1585 776 1629 nnn
795 1571 904 1642 maius,
928 1571 986 1641 vel,
1010 1570 1097 1631 Pater
1115 1572 1238 1633 omnino

121 1672 187 1715 uon
217 1661 324 1732 pater.‘
365 1654 476 1715 Verum
509 1671 568 1730 quc
592 1656 690 1731 magis
714 1657 802 1715 nobis
824 1657 877 1717 fiat
897 1659 1090 1732 perspicuum
1113 1661 1143 1716 et
1166 1673 1239 1718 con-

121 1750 330 1815 summatum,
359 1757 418 1818 age
440 1743 470 1800 lu
493 1741 670 1808 formulam,
701 1743 727 1800 si
746 1743 862 1818 placet,
890 1744 1066 1821 redigamus
1089 1742 1170 1820 quod
1193 1743 1238 1803 di·

120 1830 221 1898 citur,
257 1830 295 1888 ab
324 1828 571 1888 adversariorum
601 1829 761 1888 conamine
788 1830 986 1904 incipientes,
1023 1836 1054 1890 ει
1082 1831 1113 1888 in
1142 1831 1238 1905 patris

121 1913 298 1976 doctrinam
320 1914 511 1975 desinentes:

233 2001 399 2076 Propositio
429 2002 628 2070 minumum,
663 2001 727 2059 sive
756 1997 1029 2059 Eunomianorum:
1075 1997 1122 2074 ,Si
1151 2005 1238 2074 pater

169 2093 281 2149 natura
304 2087 356 2147 lilii
376 2103 471 2147 carisa
494 2093 557 2161 est,
588 2092 618 2145 et
639 2087 735 2146 maior
757 2091 844 2160 pater
866 2085 926 2144 tilio
949 2092 1013 2159 est,
1044 2086 1182 2159 sequitur
1203 2091 1238 2146 ut

170 2180 257 2250 pater
276 2181 383 2235 natura
397 2173 459 2233 filio
476 2175 571 2233 maior
590 2174 650 2232 εἱι.ι
694 2170 810 2231 Salutio
830 2173 927 2231 sancti
943 2172 1039 2231 nostri
1054 2173 1149 2245 patris
1164 2168 1238 2231 Gre-

170 2262 249 2338 gorii
271 2260 309 2321 ad
333 2260 499 2320 absurdum
519 2258 697 2319 deducentis
717 2263 746 2317 et
765 2258 950 2319 confutantis
969 2256 1162 2317 adversarios
1180 2257 1236 2319 ita:

171 2344 216 2422 ,Si
239 2353 347 2407 nutura
369 2346 539 2406 secundum
563 2362 618 2404 vos
637 2350 724 2420 pater
744 2344 838 2403 maior
858 2343 993 2418 estillic,
1017 2342 1047 2401 id
1064 2358 1138 2401 vcro
1156 2341 1238 2417 quod

173 2439 286 2492 natura
314 2438 363 2492 est
386 2447 579 2506 nequaquam
602 2433 701 2491 maius
724 2436 772 2490 est
793 2435 894 2504 patre,
925 2429 1062 2503 seqnitur
1083 2433 1118 2487 ut
1141 2428 1238 2488 maius

170 2519 296 2579 cinctino
320 2536 379 2579 uon
404 2521 444 2578 sit
467 2520 581 2590 nicius,
606 2522 658 2577 aut
679 2522 713 2576 ut
736 2522 821 2592 pater
846 2517 968 2575 omnino
992 2531 1052 2574 uon
1072 2521 1159 2590 pater
1178 2515 1237 2573 sit‘

235 2604 278 2666 lta
300 2605 494 2666 confutantur
512 2606 577 2665 suis
596 2604 732 2677 ipsorum
750 2603 882 2662 artificiis
901 2603 980 2678 capti
1000 2603 1132 2661 veritatis
1151 2615 1239 2661 reue·

120 2695 267 2770 gntorcs,
296 2698 327 2752 et
348 2693 432 2751 leves
455 2693 567 2767 pietate
589 2691 694 2750 leviter
718 2691 919 2756 excutiuntur.
961 2687 1006 2748 De
1025 2688 1137 2748 talibus
1157 2687 1237 2747 enim

121 2778 217 2838 dictis
238 2770 463 2838 conclusiones
476 2778 664 2837 constituunt
679 2777 917 2852 propositiones,
948 2774 1163 2835 conclusiones
1182 2789 1239 2835 au·

121 2871 188 2925 tern
217 2863 363 2925 definiunt
391 2864 629 2939 propositiones,
665 2864 776 2935 quibus
806 2879 841 2922 se
863 2860 1028 2922 induerunt
1048 2878 1103 2937 pro
1127 2875 1238 2938 magua

121 2966 184 3011 sua
206 2950 377 3026 ignorantia
400 2951 441 3008 illi
465 2949 516 3023 qui
539 2950 596 3008 sibi
619 2950 774 3023 sapientes
797 2949 872 3024 ipsis
896 2947 1036 3008 videnlur
1059 2963 1137 3007 esse.

121 3098 203 3197 ,Sic
230 3101 340 3177 etiam
369 3099 539 3190 coticula,
574 3099 606 3171 si
637 3099 689 3171 ita
714 3098 880 3189 videtur,
914 3122 980 3170 nec
1006 3097 1059 3169 sic
1087 3095 1239 3195 quidem

177 3229 326 3279 causam
356 3200 580 3276 obtinebitis.
641 3199 784 3274 Eodem
813 3201 911 3274 enim
939 3197 1050 3272 modo
1074 3198 1238 3272 dicemus

170 3308 248 3382 'hoc
276 3307 399 3406 ipsum
424 3306 539 3405 egisse
564 3312 722 3403 patrem,
757 3312 798 3376 ιιι
824 3301 1142 3377 consubstantialis
1167 3299 1238 3398 ipsi

178 3411 280 3485 filius
316 3419 429 3498 esset3
471 3409 540 3481 etsi
574 3406 740 3505 alioquin
772 3405 997 3481 absurditate
1031 3428 1106 3477 non
1140 3410 1239 3477 caret

177 3513 394 3588 huiusmodi
418 3512 569 3585 actionis
597 3512 744 3610 opinio‘

236 3648 291 3722 Qui
320 3649 456 3726 linguam
483 3650 627 3722 tanquam
652 3644 833 3706 novaculam
857 3647 962 3704 contra
983 3641 1142 3701 veritatem
1166 3653 1239 3698 acu-

124 3743 188 3798 tam
217 3735 331 3796 habent
361 3751 429 3795 curn
452 3733 604 3804 dicerent,
636 3735 863 3808 interrogantes
886 3730 1046 3798 nimirum,
1080 3725 1168 3784 Pater
1189 3740 1239 3784 es·

125 3823 289 3883 scoticana
317 3826 383 3896 cst,
414 3837 455 3881 an
484 3820 611 3879 actionis
641 3816 774 3878 uoruen‘l
809 3823 858 3891 ut,
894 3818 918 3875 si
942 3814 1095 3874 essentiae
1117 3810 1238 3886 quidem

125 3925 239 3970 nomeu
271 3923 341 3971 esse
370 3909 490 3982 ,pater‘
520 3906 735 3974 statuerimus,
767 3903 838 3961 inde
868 3902 986 3961 alienae
1016 3903 1143 3973 apatre
1166 3897 1240 3957 sub·

126 3997 260 4056 stantiae
288 3994 381 4054 lilium
413 4008 482 4053 esse
506 3991 665 4068 colligant,
696 3989 779 4064 quod
801 3988 909 4048 ecdem
932 3985 1104 4046 substantia
1127 3982 1187 4042 duo
1210 3987 1241 4043 et

127 4081 251 4141 diversa
279 4080 399 4156 proprie
429 4078 511 4139 haud
542 4078 642 4152 capiat
665 4076 788 4134 nomina
817 4073 902 4152 (uam
927 4073 954 4131 si
976 4076 1062 4146 pater
1086 4070 1240 4130 essentiae
1309 4129 1311 4134 ,

127 4173 177 4229 εει
193 4183 321 4239 nornen,
353 4180 545 4241 nequaquam
566 4162 699 4223 eiusdem
726 4162 765 4222 sit
787 4160 887 4232 ‚tilius‘
911 4159 1052 4234 nomen),
1076 4157 1124 4215 sln
1146 4155 1240 4216 actic-

128 4256 195 4325 uls,
225 4257 261 4313 ul
288 4252 370 4313 clerc
396 4258 487 4326 atque
517 4255 622 4326 aparte
643 4249 736 4309 filiurn
760 4247 856 4322 patris
879 4244 1082 4307 conditionem
1106 4247 1239 4303 statuere

129 4356 204 4416 uos,
233 4338 319 4399 velut
347 4339 468 4399 actione
495 4336 677 4410 conflatum,
709 4333 870 4396 ostendere
896 4331 1047 4405 habeant,
1076 4335 1239 4406 postquam
