2752 4778
231 203 304 280 252

231 381 301 495 ἐξ
286 389 371 495 ημῶν
395 378 469 448 δι’
455 385 535 490 ημᾶς
554 375 661 444 καθΗ
647 383 741 488 ημᾶς,
771 377 873 442 πάντα
891 375 929 441 τά
951 372 1038 460 ῆμῶν
1054 372 1275 452 ἀνελλιπῶςν
1257 399 1337 485 εγων,

230 470 386 556 ἁμαρτίας
412 473 527 573 χωρὶς,
559 470 612 546 τῆς
640 463 719 531 κατὰ
748 464 845 573 φύσιν
867 460 1066 539 ἀκολουθίας
1080 466 1258 573 γαμικῆς
1254 459 1339 526 ουδό-

230 565 291 634 λως
320 557 366 633 εἰς
395 558 489 619 τοῦτο
519 555 741 660 προςδεηθείς
776 546 859 661 ὃμρύ
880 575 913 614 τε
934 556 989 615 καὶ
1011 545 1091 655 κμτά
1116 548 1154 614 τδ
1180 545 1260 613 αύτδ
1282 552 1337 612 δει-

229 641 317 721 κνιίς,
341 637 382 716 ῶς
401 634 437 706 οἷ
460 665 511 720 αι,
542 637 637 723 τυχόν
659 634 701 713 ῶς
723 629 758 716 55
781 642 835 703 καὶ
857 633 956 712 ἀλλος
977 635 1099 722 τρόπος
1121 639 1179 727 τῆς
1201 635 1250 712 εἰς
1257 636 1337 746 πλῆ-

230 735 293 804 θος
328 732 389 792 τῶν
398 724 607 834 ανθρώπων
635 679 792 802 αύξῆάεως
820 724 1082 807 προεγνωσμένος
1112 721 1203 831 θεῷ,
1238 720 1269 787 εἰ
1293 717 1336 798 τῆν

231 808 409 923 5550555
392 839 409 878 ο
438 815 564 917 πρῶτος
594 809 747 895 ἐφύλαξεν
775 807 950 914 ἄνθρωπος
976 813 1030 872 καὶ
1043 806 1144 920 πρὸς
1164 786 1335 912 κτηνμδίσν

231 898 342 1009 έαμτδν
370 902 414 986 τῶ
441 893 519 962 κατὰ
539 896 752 1008 παράχρησιν
781 894 891 1005 τρόπω
924 900 987 959 τῶν
1020 894 1150 961 οἰκείων
1177 891 1333 998 δυνάμεων

231 985 273 1070 μῆ
302 963 467 1067 κατέβαλε,
495 989 548 1048 καὶ
577 979 631 1086 τῆν
660 982 738 1048 κατά
769 1008 804 1046 το
793 959 923 1086 άρρίεν
946 986 998 1093 555
1021 985 1106 1060 θῆλυ
1129 978 1290 1088 διάφορόν
1308 1002 1332 1043 τε

232 1078 286 1139 καὶ
309 1074 466 1181 διαίρεσιν
489 1076 541 1149 τῆς
562 1067 686 1154 φύσεως
707 1061 993 1150 έξωθούμενος,
974 1092 1008 1145 ης
1025 1064 1109 1172 πρδς
1126 1065 1164 1132 τό
1185 1068 1331 1175 γενέσθω,

232 1156 421 1242 καθάπερ’Ι
403 1183 498 1264 εφην,
526 1153 715 1261 ἅνθρωπος,
744 1151 884 1230 ούδόλως
904 1153 1120 1261 πρρςεδεήθη,
1149 1145 1196 1220 ῶν
1219 1149 1292 1218 δε”
1272 1174 1330 1216 ανει

233 1239 314 1310 εἰναι
330 1241 434 1350 τυχόν
456 1241 523 1307 ἐστι
546 1239 687 1349 δυνατόν.
735 1240 894 1306 Ταύτα’
866 1265 911 1316 εις
934 1266 969 1304 το
959 1238 1129 1350 διηνεκὲς
1147 1248 1329 1350 παραμεῖναν

71 1360 132 1400 τινα
146 1353 212 1409 528
234 1327 291 1394 ούκ
320 1325 446 1438 ἀνάγκη.
483 1324 545 1436 ’55
571 1326 634 1437 γάρ
655 1330 790 1415 Χριστῷ
811 1323 934 1438 Ἰησού,
952 1331 1086 1436 φησὶν
1092 1321 1110 1390 5
1138 1321 1283 1403 55509'
1263 1321 1330 1430 αφά·
1364 1320 1374 1371 ‚'

149 1490 155 1501 ⁴
233 1421 364 1493 στολος,
388 1412 460 1488 ούτε
476 1410 572 1520 ύΙρρεν
595 1414 666 1525 5555
688 1417 782 1492 θῆλυ
827 1405 907 1476 Εἰτα
930 1410 983 1491 τῆν
1004 1407 1086 1477 καθ’
1109 1407 1194 1495 ῆμῶς
1211 1407 1329 1495 ἀγιάσσς

234 1502 419 1610 οἰκουμένην
446 1497 558 1611 555
522 1525 575 1579 της
597 1499 718 1576 οἰκείας
739 1496 1039 1608 ἀνθρωποπρεπούς
1059 1494 1268 1611 ἀναστροφῆς
1283 1519 1329 1581 με·

233 1586 271 1652 τά
299 1586 443 1651 θάνατον
470 1586 516 1662 εἰς
543 1583 599 1651 τόν
626 1582 825 1694 παράδεισον
846 1581 1119 1669 ἀπαραποδίστως
1138 1593 1275 1690 χωρεῖ’,
1270 1608 1329 1648 κα·
1370 1592 1374 1619 ³

70 1688 114 1725 ³¹¹⁰-
128 1681 160 1735 ²³
172 1680 205 1727 ³³
232 1671 301 1748 θῶς
330 1675 374 1735 τῶ
401 1671 497 1757 λῆστη
521 1668 665 1756 ἀψευδῶς
687 1671 909 1781 ἐπηγγείλατο,
944 1670 1106 1779 Σήμερον,
1136 1670 1258 1781 φῆσας,
1285 1667 1329 1776 555

231 1783 289 1843 μετ
319 1782 396 1840 εμου
419 1783 451 1822 εν
474 1761 519 1844 τῷ
516 1762 737 1867 παραδεισῳ.
775 1753 982 1823 Ἐντεῦθεν
959 1783 1001 1834 ως
1023 1753 1089 1822 κατ’
1096 1783 1214 1859 ἀυτον
1230 1752 1330 1865 λοιπόν

230 1845 273 1955 μῆ
304 1841 437 1927 έχούσης
464 1842 546 1927 πρὸς
572 1842 629 1954 555
658 1821 855 1954 παράδεισον
884 1841 1045 1955 διαφορὰν
1073 1842 1128 1923 τῆς
1155 1838 1239 1909 καθ’
1264 1838 1330 1949 ῆμνξς
1372 1890 1374 1895 -

234 1930 429 2035 οἰκουμένης
444 1929 582 1996 πάλιν
569 1926 615 1995 55³
644 1926 737 2008 αύτῆς
759 1929 857 2040 Ιίφάνη
881 1941 950 2005 τοῖς
969 1934 1143 2038 μαθηταῖς
1153 1922 1331 2038 συνδιαιτά·
1368 1950 1371 1955 ’

230 2040 326 2126 μενος
353 2011 434 2119 μετά
462 2019 515 2094 τῆν
544 2016 578 2122 ἐμ
605 2020 722 2125 νεκρῶν
750 2013 940 2098 ἀνάστασιν,
969 2011 1143 2124 δεικνύς
1120 2041 1165 2092 ως
1186 2012 1205 2096 5
1226 2017 1265 2099 γῆ
1282 2019 1332 2117 μίμ

233 2095 315 2169 ούσα
337 2100 481 2211 τυγχάνει
501 2100 583 2211 πρός
604 2100 715 2181 έαυτῆν
737 2099 933 2211 ἀδιαίρετος,
956 2099 1010 2167 τόν
1033 2098 1153 2167 καθ’
1137 2102 1179 2168 όν
1202 2101 1270 2173 ἐστι
1284 2096 1333 2166 λό-

73 2218 120 2259 οιι.
130 2213 289 2273 ιηωυιγον
318 2193 370 2267 τῆς
397 2187 475 2253 κατὰ
502 2188 565 2274 Ι
533 2215 586 2268 την
616 2187 781 2298 διαφοράν
806 2192 992 2298 διαιρέρεως
998 2187 1247 2299 ελεύθερον
1225 2184 1334 2294 διασῶ-

233 2276 341 2353 ζουσα.
397 2267 479 2338 Εἶτα
507 2274 559 2340 διά
589 2278 641 2354 τῆς
667 2275 714 2351 εἰς
724 2271 880 2386 5555555
907 2271 1092 2395 ἀνρλιΙψεαΙς
1120 2300 1178 2342 τον
1199 2270 1334 2383 οιίρρνδν

231 2361 332 2467 ῆνμσε
361 2359 507 2470 555550'55
536 2367 602 2428 καὶ
620 2360 674 2440 τῆν
701 2366 773 2466 γῆν,
804 2367 857 2426 καὶ
885 2359 997 2472 μετά
994 2358 1131 2426 τούτου
1154 2363 1216 2427 τού
1209 2364 1333 2468 γηΐνον

232 2445 379 2557 σῶματος
406 2450 464 2512 τού
492 2444 565 2558 ῆμῖν
595 2443 761 2558 ὃμοφυούς
786 2472 818 2512 τε
847 2453 901 2512 καὶ
924 2442 1104 2521 όμοουσίου
1126 2444 1278 2552 χωρήσας
1296 2444 1333 2551 εΙς

232 2530 370 2640 ούρανδν
397 2538 475 2644 μίμν
505 2526 604 2601 οὖσαν
632 2537 676 2640 τῶ
696 2531 761 2599 κατ’
767 2529 879 2617 αἰτῆν
900 2537 1147 2639 καθολικωτέρῳ
1171 2533 1270 2644 λόγῳ
1278 2533 1332 2597 τά·
1372 2580 1374 2589 .

234 2639 294 2726 ραν
324 2617 378 2700 τὴν
411 2619 569 2699 αἰσθητὸν
592 2619 715 2730 φύσιν
724 2608 885 2701 ἀπέδειξε,
914 2645 966 2698 της
993 2617 1168 2704 τεμνούσης
1195 2616 1332 2725 αύτῆνΙν

234 2703 335 2809 ἐαυτῷ
367 2703 602 2815 διαιρέσραις’
582 2704 775 2815 αμαυρῶσρς
807 2703 872 2785 τῆν
894 2704 1046 2784 ἰδιότητα.
1102 2703 1235 2773 Ἔπειτα
1263 2700 1332 2790 πρός

232 2789 372 2898 τούτοις,
404 2788 441 2897 τδρ
471 2791 610 2869 αἰσθητά
639 2798 693 2856 καί
722 2790 759 2855 τά
781 2791 876 2870 νοητά
900 2793 1036 2870 καθεξῆς
1057 2790 1112 2856 διά
1134 2792 1263 2859 πάντων
1282 2792 1331 2855 τῶν

231 2900 290 2940 κατ
326 2871 463 2960 ούρανδν
491 2881 590 2942 θείων
619 2883 672 2942 καί
701 2882 820 2957 νοητῶν
839 2876 1006 2962 ταγμάτων
1028 2877 1171 2944 διελθῶν
1191 2875 1270 2989 μετά
1288 2878 1331 2980 τῆς

231 2963 333 3045 ψυχῆς
360 2966 413 3070 κμί
443 2966 497 3026 τού
525 2959 686 3072 ρῶματος,
715 2968 856 3077 τρυτέστι
886 2970 1004 3040 τελείας
1033 2968 1086 3075 τῆς
1107 2960 1263 3075 ῆμετέρας
1281 2960 1330 3067 55·

232 3069 329 3153 ρεως,
363 3046 479 3129 ῆναισε,
513 3049 566 3128 τῆν
598 3049 680 3134 πρδς
708 3049 743 3115 τδ
772 3050 807 3115 ἓν
835 3055 887 3129 τῆς
916 3049 990 3155 δ’λης
1018 3056 1151 3128 κτίσεως
1178 3051 1259 3157 κατά
1283 3045 1330 3114 τόν

232 3131 340 3211 ἑαυτῆς
368 3130 590 3242 ἀρχικῶτατόν
618 3160 650 3200 τε
680 3142 733 3200 καὶ
761 3135 1022 3202 καθολικῶτατον
1051 3136 1151 3247 λόγον
1180 3137 1330 3205 σύννευσιν

232 3218 378 3295 δείξας
365 3243 397 3283 εν
425 3218 527 3308 ἑαυτῷ
555 3225 714 3297 παντελῶς
746 3218 944 3332 ἀδιαίρετόν
961 3248 993 3288 νε
1026 3229 1080 3288 καὶ
1113 3221 1328 3329 ἀστασίαστον.

231 3309 296 3368 Καὶ
317 3305 441 3381 τέλος
427 3313 480 3371 επὶ
502 3310 580 3372 πᾶσι
604 3302 730 3383 τούτοις
753 3308 832 3373 κατὰ
855 3307 908 3387 τῆν
930 3308 1076 3374 ἐπίνοιαν
1093 3312 1147 3389 τῆς
1158 3306 1330 3420 ἀνθρωπό-

231 3415 323 3470 τητος
339 3391 433 3494 πρός
453 3388 549 3458 αύτδν
570 3398 690 3502 γίνεται
714 3392 769 3459 τόν
790 3394 885 3472 θεόν,
917 3393 1170 3501 ἐμφανισθεὶςι
1151 3401 1234 3483 υπὲρ
1257 3392 1330 3481 ῆμάν

232 3474 394 3556 δηλονότι,
424 3477 534 3554 καθῶς
554 3483 743 3590 γέγραπται,
774 3484 818 3568 τῶ
839 3479 1020 3587 προςῶπφ
1020 3485 1078 3547 τού
1100 3486 1185 3549 θεοῦ
1206 3488 1261 3550 καὶ
1280 3506 1330 3546 πσ-

231 3559 305 3647 τρδς
328 3559 369 3639 ῶς
391 3560 578 3671 ἄνθρωπος,
605 3591 623 3630 ο
647 3562 727 3631 καθ’
751 3544 939 3672 οίόνδῆποτε
961 3566 1083 3652 τρόπον
1103 3572 1265 3652 μηδέποτε
1285 3566 1331 3633 τοί

230 3643 353 3732 πατρός
380 3644 422 3725 ῶς
449 3649 545 3733 λόγος
555 3655 772 3762 χωρισθῆναι
802 3650 989 3762 διμάμενος,
1020 3653 1246 3760 πληρῶσας
1222 3681 1265 3733 ως
1282 3650 1330 3763 ἔν·

230 3734 408 3836 θρωπος’
397 3759 480 3842 εργῳ
511 3742 565 3801 καὶ
577 3734 729 3845 ἀληθείη
759 3735 839 3803 καθ
870 3764 1011 3817 απακοην
1039 3733 1296 3845 ἀπαράβατον“
1278 3764 1330 3806 οσιι

229 3818 431 3928 προιιΙρισεν
441 3816 537 3897 αύτδς
565 3818 608 3898 ῶς
634 3802 723 3899 θεδς
743 3828 921 3934 γενέσθαι,
945 3830 998 3889 καὶ
1031 3827 1204 3904 τελειῶσας
1237 3831 1331 3892 πάσαν
1366 3812 1374 3927 Ι

229 3903 347 3986 βουλῆν
374 3910 431 3970 τού
460 3911 540 3972 θεοῦ
566 3913 619 3973 καὶ
649 3907 770 4018 πμτρδς
798 3907 875 4022 ἕπερ
905 3907 992 3995 ῆμῶν
1014 3915 1075 3977 τῶν
1097 3909 1331 4021 ἀγρειωῖτάντων

231 3994 267 4080 τῆ
294 3990 494 4077 παραχρῆσει
523 3993 576 4073 τῆν
605 3992 687 4070 έξ
668 4000 766 4101 αρχῆς
795 3993 868 4104 ῆμῖν
897 4001 1046 4116 φυσικῶς
1066 4023 1149 4106 προς
1170 4025 1266 4066 τουτο
1287 4002 1331 4063 δο-

230 4057 347 4142 θεῖσαν
368 4078 517 4188 δύναμιν,
545 4086 598 4145 καί
620 4086 752 4164 πρῶτον
765 4080 929 4192 δναΙσας
908 4094 988 4192 ημῖν
1009 4082 1164 4194 οἔαρτούς
1187 4085 1221 4151 ἰν
1243 4086 1332 4170 έαντςλ

230 4160 282 4224 διά
313 4167 365 4240 τῆς
375 4161 591 4275 ἀφαιρέσεως
619 4171 670 4247 τῆς
698 4166 776 4233 κατά
799 4167 835 4233 τό
858 4165 983 4282 άρρεν
976 4177 1030 4235 καὶ
1054 4169 1090 4236 τδ
1114 4177 1201 4253 θῆλυ
1223 4176 1330 4257 διαφο·

230 4248 302 4329 ράς,
332 4254 385 4312 καὶ
415 4246 483 4314 ἀντὶ
503 4247 635 4355 ἀνδρῶν
661 4261 715 4358 καὶ
743 4259 929 4336 γυναικῶν,
945 4250 995 4332 οἷς
1022 4251 1040 4321 5
1071 4260 1125 4337 τῆς
1154 4262 1331 4370 διαιρέσεως

229 4329 434 4416 ἰνθεωρείται
465 4335 605 4420 μάλιστα
638 4338 772 4424 τρόπος,
807 4337 1000 4427 ἀνθρώπους
1028 4341 1132 4425 μόνον
1166 4350 1283 4432 κυρίως
1305 4365 1328 4407 τι
1372 4376 1374 4385 ·
