2768 4784
1192 235 1265 309 389

122 413 190 474 nd
217 412 472 490 ,similitudinem
513 413 646 475 inedium
682 428 769 488 vero,
812 414 865 490 ,Et
897 412 966 477 iecit
993 415 1078 477 detis·
1099 415 1264 494 hominem,

122 515 269 564 mrem
296 504 389 577 atque
416 498 561 560 feminam
592 499 663 560 iecit
690 502 778 560 eos‘:
805 506 912 579 atque
940 501 1051 562 iterum
1080 504 1267 583 extremitas,

122 583 202 659 §ln
233 584 306 647 lesu
334 584 455 648 christo
483 600 545 644 non
574 591 621 645 est
651 601 750 660 neque
779 602 845 646 rnas
875 600 976 662 neque
1005 587 1139 648 femina.‘
1190 589 1264 664 Cum

122 670 245 753 lcitum
278 673 485 732 extremitates
516 678 547 732 et
581 669 712 750 medium
747 672 809 731 sint
840 673 1031 746 inaequalia,
1069 690 1137 735 cum
1168 674 1265 735 altera

122 757 324 839 immanium
348 773 385 817 ac
407 756 551 817 feminam
574 756 728 828 habeant,
752 757 847 819 altera
870 775 931 818 non
954 759 1104 834 habeant,
1128 759 1266 829 effectiva

128 850 198 907 αἱ
223 848 316 920 atque
338 843 593 919 comprehensiva
616 843 663 902 dei
688 844 800 918 virtus,
835 857 925 917 quam
948 847 1092 921 mystice,
1125 847 1171 907 uti
1193 847 1266 906 mihi

132 930 288 1001 villelm,
310 931 446 990 initiatus
470 929 717 1005 sapientissimus
735 927 874 1004 Moyses,
905 935 934 990 et
957 933 1066 992 ceteris
1089 932 1264 994 hominibus

134 1016 286 1096 henigne
307 1015 501 1094 significans,
529 1018 608 1075 intra
638 1031 693 1074 sex
722 1014 813 1076 deum
841 1015 961 1091 scripsit
990 1017 1057 1077 dies
1086 1019 1265 1079 universum

137 1102 303 1163 mundum
326 1101 516 1162 condidisse:
552 1116 612 1176 qua
635 1102 743 1160 virtute
762 1117 826 1176 ,per
849 1103 958 1162 seriem
984 1108 1013 1163 et
1035 1103 1172 1164 ordinem
1195 1119 1264 1163 cum

136 1187 341 1266 providentia
363 1192 394 1246 et
415 1187 527 1247 indicio
550 1201 649 1247 rerum
673 1203 753 1262 qnae
776 1193 847 1246 sunt
870 1189 1053 1248 creationem
1078 1190 1265 1250 convenien-

135 1280 194 1352 ter
225 1274 469 1351 contemplantes
498 1270 572 1352 (ista
602 1274 682 1332 enim
706 1273 784 1332 haec
807 1267 1119 1354 comprehenduntur)
1149 1274 1264 1335 duode-

139 1361 271 1422 narium
294 1360 504 1435 plenissimum
527 1374 776 1419 consummamus
799 1375 968 1418 numerum.

141 1530 421 1632 Contemplatio
449 1533 488 1604 in
514 1504 702 1632 cophinos.

258 1665 410 1741 cophinos
448 1670 565 1739 autem,
602 1667 632 1724 in
669 1667 779 1742 quibus
817 1670 968 1745 repositae
1005 1674 1077 1729 sunt
1106 1669 1263 1744 reliquiae,

139 1767 253 1815 serum
274 1751 409 1829 appellat
431 1751 691 1828 dispensationem
714 1755 952 1830 institutoriam,
976 1770 1079 1816 eorum
1104 1757 1154 1830 qui
1176 1757 1265 1833 spirl-

141 1838 271 1900 tualiler
294 1844 366 1898 sunt
386 1838 643 1898 intellectualibus
665 1839 811 1899 dictorum
842 1843 1009 1902 rationibus
1040 1843 1159 1918 nutriti,
1194 1858 1264 1919 pro-

141 1931 256 2002 pterea
286 1923 366 1998 quod
393 1924 638 2002 paedagogicam
669 1925 803 1986 nondum
833 1932 1055 2002 superaverunt
1084 1927 1261 2000 doctrinam,

142 2014 316 2088 quactum
343 2026 421 2084 quae
446 2011 529 2070 utilia
554 2012 614 2070 sint
637 2016 718 2070 recte
741 2012 929 2086 suppeditat,
961 2027 1050 2087 quam
1076 2028 1199 2088 gravem
1218 2013 1262 2073 ais

143 2097 274 2175 quiite
303 2097 502 2157 instituuntur
525 2098 787 2157 conversationem
812 2099 970 2174 proponit;
1000 2098 1152 2172 quomodo
1174 2097 1263 2159 intel·

142 2184 254 2261 legere
281 2197 338 2240 nos
367 2184 450 2242 iubet
476 2184 604 2243 materia
625 2200 664 2243 ex
687 2199 746 2258 qua
769 2183 890 2259 cophini
912 2188 1147 2255 construuntur,
1183 2197 1262 2257 quae
1355 2211 1363 2226 ·

143 2274 262 2330 natura
285 2285 343 2329 sua
366 2268 590 2329 adieriendnm
614 2275 643 2328 et
667 2262 895 2346 percutiendum
919 2275 1095 2345 comparata
1118 2274 1176 2332 est

142 2440 418 2542 Contemplatio
442 2453 581 2543 septem
605 2469 752 2544 panum.

259 2592 381 2669 Septem
412 2601 515 2656 autam
545 2601 688 2669 quattuor
709 2596 822 2657 milium
847 2611 944 2673 panes
967 2595 1112 2674 legalem,
1142 2599 1176 2674 ut
1199 2596 1262 2671 opi-

143 2698 224 2751 nor,
255 2681 477 2759 mystagogiam
508 2683 694 2758 exprimunt,
725 2685 789 2742 sive
813 2683 975 2742 diviniores
1000 2681 1170 2741 secundum
1193 2696 1261 2748 eam

143 2767 303 2840 rationes,
336 2782 412 2841 quas
436 2768 479 2826 eis
505 2770 555 2841 qui
576 2774 637 2828 tres
661 2768 726 2828 dies
751 2769 830 2845 apud
856 2784 1027 2829 sermonem
1047 2774 1209 2838 maneant,
1230 2767 1260 2826 id

145 2858 199 2914 est
230 2854 279 2927 qui
308 2853 440 2913 laborem
471 2855 550 2914 circa
580 2855 724 2915 moralem
755 2861 786 2916 et
814 2855 982 2915 naturalem
1006 2859 1037 2915 et
1059 2854 1262 2931 theologicam

144 2938 373 3017 philosophiam
410 2954 468 3013 quo
502 2942 683 3017 cognitionis
712 2942 765 3001 lux
795 2948 988 3017 comparetur
1018 2956 1086 3000 curn
1118 2940 1262 3016 patientia

146 3031 181 3086 et
195 3018 304 3099 'aequo
327 3025 428 3084 animo
452 3025 564 3100 lerant,
596 3025 701 3086 Sermo
726 3028 852 3102 mystice
874 3026 974 3086 tradit.

146 3193 239 3267 Alia
261 3162 521 3292 contemplatio
546 3194 592 3268 de
617 3192 735 3267 tribus
759 3163 899 3266 diebus.

262 3337 316 3398 Vel
339 3339 506 3399 naturalem
529 3339 660 3401 fortasse
684 3346 713 3400 et
734 3342 879 3416 scriptam
901 3346 932 3398 et
954 3337 1140 3414 spiritualem
1163 3337 1262 3415 legem

145 3435 213 3488 tres
241 3423 306 3485 dies
336 3425 524 3501 significant,
560 3437 627 3486 cum
659 3427 799 3504 singulae
822 3425 960 3486 videlicet
982 3423 1190 3499 spiritualioris
1213 3439 1263 3483 se-

148 3511 286 3576 cundum
314 3513 397 3587 ipsas
427 3513 552 3572 rationis
580 3513 679 3574 lucem
709 3515 754 3572 eis
786 3515 836 3587 qui
866 3505 1007 3590 gnaviter
1030 3509 1152 3569 student
1174 3524 1263 3584 prae-

149 3603 250 3666 stent,
290 3599 401 3673 quibus
438 3600 487 3672 qui
523 3600 602 3660 bene
640 3614 676 3659 ac
713 3614 785 3660 vera
819 3599 921 3658 divina
953 3597 1098 3656 esuriunt
1133 3594 1195 3653 heo
1217 3601 1265 3658 ..et

148 3685 291 3746 Sermoni
322 3686 389 3744 sine
417 3685 655 3761 reprehensione
685 3684 890 3744 adhaerentes
920 3683 1081 3758 mysticum
1111 3680 1265 3756 accipiunt

148 3772 388 3846 nutrimentum,
425 3770 506 3845 quod
535 3771 642 3832 eodem
672 3777 806 3845 ternpore
829 3777 860 3830 et
882 3770 1025 3829 victoriae
1047 3773 1077 3828 et
1098 3767 1186 3844 regni
1207 3765 1265 3826 iert

150 3856 343 3935 symbolum,
382 3859 579 3917 subarrationis
614 3857 766 3932 reliquias.
831 3854 954 3931 Septem
985 3856 1064 3913 enim
1093 3857 1215 3928 sportae
1246 3868 1264 3910 e

149 3943 272 4023 palmae
302 3943 396 4002 ramis
426 3948 586 4003 consertae
617 3943 773 4022 (victoriae
803 3947 906 4003 autem
930 3940 1101 4017 symbolum
1124 3944 1155 3998 et
1176 3938 1264 4014 regni

151 4029 257 4107 palma
292 4026 369 4110 ast),
410 4029 615 4091 inconcussae
648 4035 806 4105 praeterea
842 4045 878 4088 ac
911 4027 996 4086 iortis
1026 4041 1094 4086 curn
1123 4023 1263 4083 violentis

151 4116 308 4192 spiritibus
343 4116 567 4176 incurrentibus
605 4115 807 4177 contentionis
841 4130 895 4174 eos
931 4113 980 4187 qui
1014 4128 1067 4188 per
1097 4126 1132 4170 se
1162 4110 1263 4170 nutriti

151 4207 227 4263 suut
255 4203 353 4262 omnis
382 4204 540 4277 pravitatis
568 4210 598 4263 et
627 4202 820 4281 ignorantiae
848 4201 979 4260 victmes
1008 4197 1195 4275 significant,
1229 4201 1264 4257 ut
1297 4211 1303 4218 ·

153 4289 206 4364 qul
235 4304 254 4348 a
284 4286 341 4348 deo
371 4286 518 4349 Sermone
549 4290 690 4349 invictam
721 4288 894 4361 acceperint
921 4283 1082 4346 affectuum
1111 4299 1148 4342 ac
1176 4282 1264 4358 spirl-

153 4382 239 4435 tuum
263 4373 509 4434 dominationem.
