2752 4778
1183 200 1257 285 859

146 388 267 461 patiens
296 403 366 447 oum
389 385 536 445 Sermone
561 387 655 461 ipsius
683 387 781 461 gratio
803 387 925 446 innoxie
947 386 1026 447 male
1048 389 1196 462 patiente,
1226 395 1258 449 et

146 489 218 533 cum
239 475 328 550 grata
351 473 489 532 beneficii
509 471 721 532 recordatione
738 470 856 543 ferens,
880 471 1010 547 iustique
1028 472 1128 532 iudicii
1146 456 1268 534 secun·'

145 559 218 619 dum
241 559 463 633 providentiam
486 573 592 617 secum
615 573 686 617 esse
709 554 887 616 Sermonem
917 573 1109 634 agnoscens,
1140 565 1171 619 et
1193 559 1257 621 cul-

146 660 216 719 pam
241 660 331 719 quam
355 644 434 703 male
458 644 600 719 patiendo
623 643 677 702 luit
700 643 864 713 confitens,
889 659 925 702 ae
947 659 1078 719 precans
1098 649 1132 704 ut
1150 643 1255 706 Sermo

118 756 121 789 r
147 729 404 805 quemadmodum
435 730 573 803 quamvis
603 730 745 788 innoxius
773 730 949 805 passionem
978 747 1065 790 suom
1089 733 1255 791 communi-

147 818 237 890 carit,
268 819 310 876 ita
333 817 390 874 sibi
414 817 553 889 quamvis
576 816 701 893 indigno
725 818 998 890 persemetipsum
1022 816 1092 876 velit
1114 817 1257 894 gaudium

145 919 235 962 suum
265 909 295 962 et
325 902 557 963 oblectationem
589 904 829 976 communicare,
870 908 900 960 et
929 902 1188 963 mortificationem
1217 920 1256 964 ex

143 989 376 1050 circumstantia
410 990 440 1046 in
471 988 672 1046 voluntariam
704 989 800 1061 ipsius
832 989 970 1048 virtutem
999 990 1129 1066 benigne
1159 990 1257 1051 adnu-

142 1090 280 1148 merare,
305 1075 427 1149 quando
447 1071 603 1133 Sermonis
627 1073 844 1144 velaminibus,
873 1090 951 1148 quae
974 1076 1127 1150 sapienter
1148 1075 1258 1136 indue·

140 1167 192 1222 rat
215 1162 420 1236 providentia,
456 1159 587 1234 demptis
612 1161 696 1236 regni
720 1162 786 1219 eius
809 1159 861 1219 lux
884 1162 1048 1221 inaccessa
1072 1163 1255 1238 apparuerit.

139 1247 197 1308 Sic
220 1249 396 1308 circumstat
418 1262 487 1305 eum
511 1247 627 1321 peccati
651 1261 746 1304 causa
768 1246 932 1322 patientem
952 1249 1086 1323 corporis
1105 1250 1257 1309 membro·

137 1350 212 1393 rurn
241 1334 280 1393 de
308 1333 533 1392 circumstantia
564 1332 769 1406 mortificatio,
801 1348 878 1407 quae
905 1349 959 1408 per
980 1334 1100 1393 fidelem
1123 1340 1257 1410 gratam-

138 1435 207 1495 que
236 1420 372 1479 beneficii
402 1419 642 1478 recordationem
671 1420 701 1476 in
725 1418 927 1479 voluntariam
950 1425 1083 1481 mutatur
1107 1423 1257 1492 virtutem,

138 1522 208 1580 qua
244 1505 350 1564 debitis
387 1506 502 1579 peccati
540 1504 640 1563 multis
677 1504 795 1564 solutus
831 1509 860 1564 in
891 1507 1046 1583 regionem
1076 1507 1256 1584 cognitionis

138 1607 216 1653 cum
242 1588 388 1651 Sermone
410 1595 474 1650 iure
497 1592 604 1663 intrat,
639 1590 698 1649 hoc
721 1596 768 1650 est
791 1593 820 1650 in
844 1591 1034 1666 paradisum,
1071 1595 1122 1653 ubi
1148 1595 1257 1654 certior

139 1679 196 1738 liet
232 1678 270 1737 de
305 1692 400 1737 causa
435 1684 558 1736 nostrae
594 1676 800 1736 damnationis
830 1683 921 1753 atque
952 1678 1109 1756 miseriae,
1147 1681 1256 1754 quibus

140 1780 229 1824 nuuc
251 1769 397 1837 tanquam
420 1766 451 1822 in
475 1778 595 1823 carcere
620 1763 806 1822 cohibemur.
859 1763 949 1841 Latro
970 1765 1127 1840 improbus
1149 1772 1257 1827 contra

140 1855 193 1912 est
216 1851 267 1926 qui
286 1852 403 1925 peccati
427 1865 521 1909 causa
545 1850 696 1909 obnoxius
720 1851 848 1925 patitur,
873 1852 984 1925 quique
1005 1858 1127 1928 propter
1148 1853 1257 1913 volun-

139 1938 219 1997 tatis
248 1936 467 2012 malignitatem
496 1937 629 1996 iustitiae
658 1951 829 1996 sermonem
857 1952 918 1995 non
941 1940 1081 2014 agnoscit
1101 1955 1164 1998 uua
1187 1956 1256 2001 cum

141 2040 197 2095 se,
235 2021 292 2082 sed
321 2024 388 2081 sine
417 2020 523 2097 culpa,
561 2023 724 2097 patientem
754 2038 809 2098 pro
840 2024 1023 2100 benignitate
1053 2041 1129 2097 sua,
1163 2027 1256 2086 immo

140 2125 215 2171 cum
246 2110 382 2168 convicio
412 2108 553 2184 repudiat
580 2107 681 2166 iudicii
710 2123 882 2168 sermonem
912 2110 1017 2168 merito
1046 2111 1074 2169 ei
1095 2110 1134 2170 de
1155 2112 1257 2187 provi·

140 2196 251 2256 dentla
273 2194 444 2253 delinitum:
474 2195 525 2268 qui
548 2210 616 2254 eum
640 2191 820 2254 Sermonem
842 2195 1061 2256 contumeliose
1082 2213 1205 2272 secum,
1228 2203 1257 2257 et

141 2299 205 2343 sua
233 2283 329 2357 ipsius
361 2284 485 2357 sponte,
516 2281 751 2340 condemnatum
775 2297 836 2340 non
860 2287 1026 2358 cognosset
1048 2298 1105 2343 nec
1128 2282 1257 2344 delicto·

140 2385 212 2429 rum
243 2383 366 2427 suorum
391 2366 511 2427 veniam
535 2367 724 2444 rogavisset,
757 2383 893 2442 eregno
917 2369 1040 2442 eicitur,
1071 2375 1105 2429 ut
1127 2369 1256 2441 alienus,

141 2454 263 2515 nuliam
299 2468 434 2528 unquam
471 2469 504 2511 se
539 2454 690 2512 civitatem
722 2455 788 2512 eius
818 2462 1010 2528 recepturum
1040 2471 1112 2515 esse
1140 2456 1255 2518 laetum

140 2544 327 2616 accepturus
350 2541 499 2600 nuntium.

142 2707 234 2782 Alia
253 2706 292 2780 in
314 2704 414 2779 idem
434 2703 703 2800 contemplatio.

254 2843 353 2915 Atque
382 2842 490 2900 iterum
519 2839 596 2900 latro
628 2840 743 2914 probus
773 2843 822 2897 est
850 2839 915 2914 qui,
954 2839 1047 2900 etiam
1076 2840 1102 2900 si
1128 2841 1160 2899 in
1189 2841 1257 2917 ipsc

142 2931 269 2991 demum
302 2928 361 2986 bue
395 2927 566 3000 praesentis
600 2927 696 2999 vitae,
735 2925 819 2983 venit
846 2926 876 2983 in
906 2931 1100 3001 peccatorum
1133 2944 1257 2988 suorum

142 3017 370 3093 reputationem
389 3011 614 3087 prudenterque
637 3010 763 3087 agnovit
784 3013 910 3071 verbum
932 3011 1026 3071 divini
1047 3012 1148 3074 iudicii
1169 3015 1200 3072 in
1222 3031 1258 3075 se

141 3103 196 3163 bic
231 3104 492 3172 consummatum,
532 3097 611 3171 quod
646 3097 673 3155 ei
707 3098 813 3156 merito
842 3103 908 3157 erat
937 3097 1107 3172 definitum,
1145 3101 1258 3175 quique

142 3191 266 3250 sincere
294 3205 331 3247 ex
361 3187 467 3245 intimo
496 3184 587 3243 corde
617 3198 722 3242 eorum
752 3192 831 3256 quae
854 3182 1012 3257 deliquerit
1034 3188 1152 3245 veniam
1175 3188 1257 3262 petit.

143 3276 305 3350 improbus
341 3278 446 3331 contra
475 3271 553 3331 latro
584 3275 631 3327 est
661 3271 712 3342 qui
741 3269 790 3327 vel
819 3269 849 3327 in
880 3271 947 3345 ipso
978 3270 1057 3331 vitae
1086 3274 1267 3347 praesentis.

142 3363 207 3421 line
237 3360 284 3418 dei
309 3360 408 3436 legem
435 3373 471 3416 ac
494 3356 698 3415 definitionem
722 3356 844 3415 animae
867 3374 886 3416 a
908 3373 1033 3432 corpore
1055 3359 1256 3433 separandae,

143 3448 284 3523 quamvis
320 3448 400 3505 iusto
437 3444 546 3503 iudicio
584 3459 620 3501 ac
658 3443 812 3517 sapienter
843 3445 1008 3518 sancitam,
1046 3446 1125 3505 vitae
1154 3460 1257 3505 amore

142 3542 294 3608 tanquam
318 3531 396 3591 maie
418 3532 585 3589 institutam
610 3531 769 3603 vituperat.

143 3697 235 3772 Atia
255 3697 292 3769 in
315 3695 414 3769 idem
436 3696 707 3794 contemplatio.

255 3836 354 3909 Atque
384 3851 492 3895 rursus
524 3851 592 3894 cum
623 3841 760 3895 nostrum
790 3834 999 3908 unusquisque
1028 3833 1177 3908 duplicem
1201 3833 1258 3894 ba·

145 3926 218 3984 beat
247 3928 404 3994 naturam,
436 3937 473 3980 ex
504 3922 605 3981 anima
628 3926 719 3996 atque
742 3935 867 3996 corpore
891 3921 1080 3992 consistens,
1110 3918 1187 3979 latro
1209 3925 1258 3981 est

145 4011 199 4085 qui
222 4008 393 4069 secundum
416 4014 577 4082 utramque
600 4023 705 4067 eorum
728 4023 765 4066 ex
790 4008 899 4082 quibus
923 4012 1042 4066 constat
1061 4022 1116 4081 pro
1133 4006 1256 4066 alterius

145 4101 260 4157 natura
288 4095 387 4172 legem
417 4111 470 4170 pro
501 4095 608 4154 virtute
639 4110 708 4153 eum
731 4091 877 4154 Sermone
907 4095 1036 4168 mystice
1059 4095 1138 4152 cruci
1160 4091 1257 4170 alfigi-

145 4190 213 4255 tur,
248 4187 278 4243 et
299 4183 400 4243 carnis
424 4181 544 4256 quidem
568 4181 667 4256 legem
690 4179 781 4239 veluti
803 4180 971 4254 improbum
993 4180 1142 4239 latronem
1165 4180 1257 4240 virtu-

146 4271 188 4331 tis
218 4270 350 4328 sermoni
379 4269 582 4340 obnitentem,
619 4268 742 4343 spiritus
777 4282 848 4325 vero
881 4265 980 4343 legem
1009 4266 1101 4325 veluti
1129 4267 1257 4340 probum

147 4357 300 4416 latronem
328 4355 436 4428 babet,
475 4354 588 4428 quique
615 4354 796 4413 salvatorem
827 4367 999 4412 sermonem
1024 4368 1080 4428 par
1108 4353 1258 4428 practicae
