2752 4778
120 86 132 169 i
167 89 264 153 dctis
304 98 476 172 cognoscit
505 112 544 158 ea
571 108 650 171 quae
679 102 767 166 sunt,
803 96 948 170 quonlam
979 103 1010 157 et
1038 97 1144 160 volens
1173 115 1210 159 ea
1239 114 1318 174 quae

120 186 123 193 '
158 178 256 241 sunl
296 180 393 245 fecit
446 182 525 243 ilinc
552 188 665 257 elego
687 182 843 257 aspicieus.
866 197 978 242 censeo
1000 184 1171 245 secundum
1192 185 1250 245 iias
1273 185 1321 244 dl-

155 262 268 327 xisae
300 271 493 345 scripturam
512 270 645 329 rabones
662 267 739 337 hoc,
761 269 1008 345 ,Cognoscebam
1028 275 1058 329 te
1077 286 1171 346 super
1188 276 1318 343 omnes,‘

148 346 201 414 ad
232 344 427 433 Moysem,
455 363 486 416 et
514 355 554 415 dc
582 353 766 429 quibusdam
794 353 870 427 boc,
906 356 1070 432 ,Cognovit
1098 356 1240 417 dominus
1270 359 1319 432 qui

145 436 250 499 sunt
284 445 383 516 sui,‘
413 443 574 501 etiterum
596 441 656 500 boc
679 439 718 500 ad
742 439 912 514 quosdam,
949 440 1031 514 ,Non
1054 444 1126 502 nori
1148 447 1227 502 vos‘
1270 441 1321 502 Sic

141 514 347 605 proiecto
366 540 623 602 unumquemque>
636 532 689 585 aut
711 525 881 586 secundum
900 526 1088 587 voluntatem
1110 535 1141 589 et
1160 531 1320 609 rationem,

140 605 219 671 aut
259 621 397 675 conus
425 614 615 673 voluntatem
639 617 669 671 et
690 613 839 672 rationem
862 610 911 671 dei
934 613 1126 677 voluntarius
1149 621 1250 675 motus
1272 615 1322 674 di-

140 695 298 757 vinam
345 700 450 761 audire
479 715 586 759 vocem
615 699 818 774 praeparavit.
873 696 957 758 llaec
978 706 1009 759 et
1030 700 1206 760 huiusmodi
1228 700 1322 761 delle·

140 786 240 847 rum
288 799 391 848 nuuc
418 787 515 845 virum
545 784 672 844 arbitror
693 783 910 862 intelligentem
933 785 1050 856 dicere,
1085 803 1152 846 cum
1177 786 1322 847 deiforme

139 872 230 939 1¹0⁰
255 875 310 929 ct
335 874 470 934 divinum
490 877 631 932 nostrum
650 872 784 929 animum
805 876 836 930 et
855 872 1005 931 rationem
1023 874 1147 949 proprio
1169 873 1322 933 admisce·

143 951 326 1033 bimus,
362 967 394 1020 et
421 959 524 1034 imago
552 960 722 1017 revertetur
755 957 793 1015 ad
822 958 989 1032 principale
1022 958 1198 1034 exemplar,
1234 960 1321 1019 cuins

145 1044 273 1104 nune
306 1043 409 1106 habet
429 1044 606 1119 appetitum.
653 1043 698 1102 Ac
719 1059 773 1117 per
795 1041 854 1101 hoc
876 1043 1026 1119 similiter,
1051 1061 1105 1119 per
1125 1059 1226 1120 pauca
1244 1044 1322 1104 haec

149 1119 321 1201 verba,
356 1130 561 1206 quodcunque
597 1128 779 1203 aliquando,
820 1145 926 1189 eorum
962 1146 1041 1208 quae
1077 1137 1148 1190 sunt
1183 1131 1322 1208 tetigisse

154 1215 390 1278 mensuram
413 1217 597 1276 arbitrantes
620 1214 845 1276 aestimandum
868 1215 1073 1276 doctrinaliter
1097 1216 1271 1286 retrahere,
1293 1224 1324 1277 et

158 1290 375 1377 rationem,
409 1301 561 1378 quomodo
591 1318 664 1376 pars
693 1300 742 1360 dei
772 1317 897 1375 sumus,
927 1301 1103 1372 declarare,
1132 1310 1162 1364 et
1190 1302 1321 1363 futuram

164 1385 317 1448 umiae
355 1390 465 1465 quietis
501 1389 717 1464 proprietatem
755 1387 950 1458 insinuasse,
992 1392 1022 1448 et
1058 1388 1097 1448 ad
1136 1388 1321 1449 immobilem

168 1464 324 1552 imina,
347 1482 381 1536 et
402 1470 549 1551 quietem,
573 1479 605 1534 et
621 1472 705 1533 nullo
728 1472 818 1532 modo
841 1473 1001 1535 cadentem
1023 1474 1152 1536 iunctum
1174 1477 1322 1535 incitasse

120 1524 129 1623 ⁸:
175 1556 218 1613 ln
245 1568 294 1618 ea
325 1563 459 1642 quaein
482 1559 541 1620 hoc
563 1567 612 1620 est
633 1575 689 1634 spe
707 1565 854 1636 purgatos
874 1565 904 1618 ct
921 1560 1111 1621 festinantes.
1158 1561 1324 1638 Oportebat

125 1648 135 1701 .'
182 1634 280 1703 essim
320 1647 578 1724 quemadmodum
610 1645 650 1705 ad
682 1645 739 1704 boc
768 1645 921 1705 habemus
950 1654 979 1706 et
1008 1648 1038 1706 in
1062 1650 1198 1709 essentia
1222 1653 1252 1708 et
1273 1664 1323 1708 ra-

120 1752 141 1811 g
187 1722 281 1788 done
323 1736 465 1795 notiones
493 1733 718 1807 perictionem
740 1737 770 1791 et
792 1738 932 1792 naturam
954 1740 1039 1793 recte
1062 1733 1181 1807 quidem
1205 1734 1322 1811 ingredi

120 1858 146 1906 ;t
193 1806 324 1888 simplo
340 1821 465 1895 ordine,
489 1825 519 1880 et
538 1835 595 1879 nos
614 1819 680 1878 sine
699 1819 780 1876 omni
800 1818 1004 1894 qualicunque
1022 1821 1219 1893 quaestione,
1242 1821 1322 1880 circu

128 1914 151 1975 ἱ.
198 1906 293 1965 qiam
327 1906 427 1967 solam
449 1912 480 1965 et
500 1921 630 1983 peccare
647 1908 694 1964 est
713 1909 743 1964 et
759 1903 837 1978 falli,
860 1904 1059 1977 deiformiter,
1085 1912 1232 1980 quantum
1249 1922 1323 1981 pos-

120 2022 149 2061 ῆ
199 1976 290 2047 sitite
324 1999 389 2069 est,
413 1992 515 2053 omnia
537 2006 771 2069 cognoscemus.
811 1989 876 2050 Non
898 1991 958 2050 iam
981 2007 1036 2066 per
1056 1993 1260 2068 ignorantium
1282 1993 1322 2051 ab

126 2086 154 2139 si
199 2074 244 2141 ω,
289 2081 355 2155 qui
376 2080 460 2140 circa
482 2093 519 2138 ea
541 2085 605 2154 est,
634 2082 720 2138 motu
742 2077 873 2151 detenti,
904 2077 1012 2137 merito
1034 2093 1145 2156 magno
1169 2078 1271 2139 animo
1292 2084 1323 2138 at

135 2160 152 2222 ὲ
196 2152 325 2224 minu}
353 2171 384 2226 et
414 2165 532 2241 spiritui
560 2168 697 2224 nostrum
727 2163 863 2223 animum
892 2169 922 2223 et
950 2164 1101 2224 rationem
1122 2171 1153 2226 et
1174 2165 1321 2241 spiritum,

120 2258 148 2301 ¹⁶·
193 2244 309 2316 mdis
349 2257 452 2313 autem
491 2251 544 2310 toti
579 2250 637 2310 deo
671 2254 750 2310 totos
785 2265 842 2309 nos
871 2250 972 2325 ipsos,
1014 2251 1106 2311 veluti
1132 2247 1322 2327 ”principali

120 2344 147 2415 ‚si
188 2330 358 2413 oxiinpio
384 2339 503 2416 imago,
536 2336 732 2410 accedentes,
765 2336 843 2395 sicut
872 2337 961 2396 etiam
983 2337 1015 2394 iu
1038 2353 1180 2398 sermone
1203 2338 1254 2412 qui
1276 2343 1324 2396 ast

120 2416 143 2476 is·
184 2400 220 2467 ⁰⁰
244 2413 438 2485 Grandine
466 2422 593 2493 edocet,
623 2422 668 2482 sic
696 2422 817 2483 dicens:
863 2421 899 2482 Et
927 2439 985 2483 nos
1013 2425 1132 2498 quidem
1161 2421 1323 2485 ineffabilis

120 2526 138 2564 u
181 2486 229 2552 ¹⁰¹
254 2511 433 2588 accipiet,
463 2514 494 2569 et
516 2514 645 2570 sanctae
667 2523 704 2570 ac
726 2507 837 2586 regalis
856 2508 1072 2584 contemplatio
1094 2511 1234 2570 trinitatis
1256 2509 1324 2570 iilu-

120 2614 131 2661 t
178 2578 359 2657 minantis
381 2596 502 2672 planius
525 2602 556 2657 et
577 2595 681 2671 purius
705 2599 736 2655 ei
756 2596 848 2655 totius
872 2596 925 2655 toti
948 2597 1050 2654 animo
1073 2598 1201 2670 mixtae,
1232 2612 1323 2671 quum

120 2674 128 2737 τ’
175 2665 295 2735 ⁶⁰⁰³]
338 2676 434 2743 solam
465 2698 593 2760 regnum
622 2680 776 2741 caelorum
806 2696 865 2758 ego
894 2697 993 2756 pono,
1023 2699 1092 2741 cum
1122 2683 1324 2743 delectatione

120 2766 130 2813 t
174 2744 386 2829 delectatur
414 2774 446 2829 et
472 2768 619 2842 laetatur,
653 2773 687 2827 ut
714 2767 763 2828 bis
792 2783 872 2843 quae
903 2773 975 2827 sunt
1003 2769 1100 2843 ipsius
1124 2769 1227 2828 audax
1250 2784 1325 2829 cou-

120 2852 129 2907 l
171 2830 344 2915 *ungam
371 2870 451 2931 quae
472 2870 543 2916 mea
565 2859 651 2924 sunt,
683 2856 781 2913 omnis
805 2860 944 2914 creatura
964 2854 1122 2928 radoualis
1145 2854 1323 2931 angelorum

120 2956 131 2989 2
171 2924 202 2980 0¹
216 2919 437 3016 hominnm,
462 2942 634 3017 quicunque
653 2940 768 3000 nullam
787 2939 956 3000 secundum
974 2946 1089 3000 motum
1108 2941 1158 3013 qui
1177 2940 1324 3000 adfinem

120 3032 127 3071 t
172 3012 221 3067 ⁸⁸²
264 3027 471 3088 naturaliter
498 3031 726 3102 compactarum
756 3026 801 3085 eis
830 3025 1001 3086 divinarum
1023 3027 1174 3085 rationum
1197 3027 1325 3101 abipso

120 3118 126 3173 t
173 3102 357 3173 creato„
376 3130 430 3191 per
453 3112 671 3193 negligentiam
694 3117 906 3187 corruperunt,
936 3113 1035 3189 magis
1058 3117 1159 3173 autem
1183 3113 1325 3187 seipsos

120 3226 128 3271 t
173 3184 422 3261 lampertum
451 3200 662 3268 salvaramnt,
691 3203 771 3259 totos
799 3199 1089 3275 inconversibiliter,
1119 3202 1223 3274 utpote
1246 3198 1323 3258 diri-

120 3310 132 3367 μ
177 3280 239 3327 ¹¹⁰⁰
301 3300 422 3365 organa
450 3294 595 3358 naturae,
629 3289 660 3346 et
687 3301 758 3345 esse
780 3289 811 3343 et
832 3283 951 3344 futuros
974 3300 1046 3345 esse
1069 3286 1217 3354 scientes,
1248 3300 1325 3359 quos

120 3386 133 3445 5·
181 3366 235 3433 W
287 3371 394 3433 tuum
423 3379 507 3434 totus
534 3370 557 3405 ²¹
568 3372 805 3447 circumspirans
829 3370 907 3430 deus
930 3371 959 3428 in
983 3371 1108 3432 modum
1130 3372 1251 3431 animae
1272 3386 1326 3429 ve-

120 3486 142 3530 q:
187 3438 243 3505 illu
297 3461 438 3521 membra
468 3459 602 3533 corporis
632 3462 790 3532 compacta
819 3462 849 3516 et
877 3458 989 3532 optima
1017 3457 1139 3517 domino
1164 3456 1263 3516 iactos
1286 3456 1324 3516 ad

120 3582 156 3629 n,
194 3523 408 3606 volulitatem
437 3550 562 3619 tractat,
604 3550 635 3603 et
661 3544 782 3619 propria
813 3542 915 3618 implet
944 3543 1041 3619 gloria
1070 3550 1101 3603 et
1128 3543 1325 3617 beatitudine,

202 3616 316 3690 utam
341 3631 420 3692 dans
448 3635 480 3691 et
508 3630 629 3690 donans
653 3633 808 3689 aeternnm
831 3633 924 3702 atque
946 3626 1143 3703 ineffabilem,
1177 3635 1208 3689 et
1228 3630 1327 3689 omni-

120 3672 170 3809 *ii
208 3708 269 3767 W
311 3715 407 3777 modis
435 3717 580 3777 universa
606 3714 732 3775 liberam
759 3714 932 3790 cognitione
955 3715 1138 3774 constitutae
1160 3717 1328 3791 proprieta-

132 3846 180 3901 πό,
218 3792 253 3853 lli
275 3802 470 3877 emesenus,
501 3807 531 3863 et
553 3818 607 3879 per
627 3803 852 3877 corruptionem
876 3802 1060 3861 constitutae
1082 3802 1174 3864 vitae.
1229 3802 1326 3875 Quam

238 3922 498 3947 ‘h

157 4064 164 4073 ,
294 4014 334 4069 id.
353 4016 428 4067 Verte
439 4018 600 4082 principati
613 4017 774 4078 eaemptcri
788 4019 915 4078 iconem,
932 4019 1133 4080 immittentes
1150 4025 1209 4069 cett.
1231 4016 1326 4082 (tinia.)

145 4072 207 4112 Ψ
240 4073 273 4125 ²1·
292 4082 365 4135 Varia
381 4086 575 4150 mdeste.
605 4083 701 4149 (Galo.)
