2752 4778
1168 185 1241 264 lit

120 371 150 433 tt
163 367 306 450 studio,
327 384 365 429 ec
385 366 489 428 diuina
509 367 688 442 praesertim
711 385 769 444 ope
789 369 941 450 indigeat,
966 373 1096 447 primurn
1119 374 1242 450 quidem

120 470 227 536 ιοεεε·
234 455 433 524 materialem
449 454 629 514 innotarum
653 459 840 529 potestatum
863 458 992 534 dyadem
1016 476 1172 561 superare,
1195 463 1243 521 in·

120 536 348 637 dignationem
363 542 495 616 inquam
524 545 553 600 et
582 540 878 615 concupiscentiam,
912 560 1080 620 earumque
1109 548 1141 606 in
1164 563 1241 623 quas

120 623 261 707 ᾒωῖιιι
255 624 389 689 'divisae
417 627 585 702 species,
588 631 693 701 ‘atque
723 629 830 690 beatus
857 636 905 689 est
934 635 986 706 qui
1015 632 1156 708 expedite
1183 633 1242 693 baa

120 716 246 777 ducere
274 710 457 790 quocunque
486 713 595 772 reticui
623 713 756 813 placebit
777 719 923 792 potuerit,
953 734 1055 793 usque
1077 718 1151 778 dum
1172 734 1244 795 pra-

120 803 236 878 cticis,
264 799 295 860 id
323 805 372 861 est
401 798 524 873 actius,
557 800 595 858 ab
624 800 669 859 eis
701 814 778 876 quas
801 808 872 864 ante
894 802 999 866 babuit
987 810 1133 884 tpurget
1132 822 1168 867 ur
1190 822 1243 881 per

120 878 357 1019 pbilosopbiam
377 880 534 991 moralem.

120 1057 416 1159 Dentemplatro
421 1028 468 1131 ex
487 1057 669 1155 scriptura
684 1056 730 1129 de
745 1082 787 1130 eo
805 1059 903 1156 quod
921 1085 986 1158 qur
974 1061 1244 1160 cognoscendi

174 1163 356 1238 facultate
369 1159 560 1261 praeditus
576 1167 630 1232 est
646 1180 732 1233 curn
747 1160 828 1260 lege
846 1171 999 1236 naturae
1019 1189 1094 1236 non
1112 1165 1245 1239 debeat

122 1286 414 1376 ·.-,-·.-comungere
417 1265 546 1363 legem
563 1264 778 1361 sapientiae,
808 1273 843 1337 ει
866 1266 956 1364 quid
977 1266 1049 1342 sibi
1070 1268 1164 1342 velit
1182 1268 1243 1343 lit·

120 1378 259 1497 tera
279 1368 395 1484 alpha
403 1362 618 1441 Abrahami
642 1368 783 1441 nomini
807 1368 942 1443 addita.

192 1478 353 1575 Deinde
378 1520 452 1565 vcro
483 1505 573 1564 etiam
603 1519 762 1581 superare
781 1521 833 1565 eas
862 1510 1031 1580 potestates
1055 1523 1242 1583 enprorsus

120 1593 299 1693 excutere
313 1594 460 1691 tanquam
481 1589 614 1689 Agarem
636 1595 666 1650 ει
688 1589 864 1666 lsmaelem‚
889 1592 1084 1653 Abrahamus
1107 1594 1156 1654 ille
1178 1612 1245 1656 ma-

167 1694 229 1752 us
260 1695 341 1745 cum
357 1678 424 1755 eius
454 1679 542 1740 mens
571 1677 632 1735 iem
663 1680 696 1736 ut
717 1677 747 1736 in
772 1676 869 1738 lsaaci
891 1677 972 1739 illius
994 1680 1140 1740 sacrificio
1164 1683 1245 1743 circa

157 1766 237 1831 'uiua
246 1750 445 1842 spectacula
474 1763 608 1822 exerceri
631 1763 726 1833 norit,
757 1779 873 1825 avoce
896 1765 998 1825 divina
1020 1782 1076 1841 per
1096 1769 1245 1868 cognitio·

120 1850 221 1927 beni
218 1840 471 1931 descendentem
501 1848 638 1910 eruditus
661 1850 794 1909 divinam
816 1849 928 1911 liberae
952 1852 1117 1928 spiritualis
1140 1855 1245 1930 cogni·

120 1930 258 2015 lonis·
240 1955 282 2003 ιιι
310 1937 413 2001 mente
434 1936 637 2013 progeniem,
669 1950 748 2009 quae
777 1953 846 1996 curn
879 1937 981 1997 servili
1004 1940 1104 1998 carnis
1127 1941 1244 2000 semine

120 2022 296 2113 coniuncta
313 2018 388 2094 ’,εει
359 2022 542 2083 beatam
572 2022 836 2082 annuntiationem
865 2024 1028 2099 impetrare
1055 2041 1117 2084 uon
1139 2042 1242 2101 posse,

120 2108 216 2191 ntiae
244 2117 307 2181 ,εει
325 2106 525 2190 deificationis
559 2108 658 2185 gratia
686 2110 791 2169 ebrum
821 2122 900 2183 quae
928 2109 1084 2170 dominum
1114 2111 1243 2190 diligunt

121 2192 197 2281 spei
225 2183 384 2277 etsensim,¹
415 2197 508 2270 quam
537 2195 636 2270 typice
663 2194 725 2255 iam
755 2195 990 2271 anticipaverat
961 2197 1165 2257 tmonadis
1195 2213 1245 2257 ra-

124 2286 204 2355 noui
232 2296 316 2363 per
313 2282 404 2343 fidem
427 2281 555 2357 mystice
576 2279 756 2354 adiunctus,
787 2298 848 2357 qua
868 2281 1027 2342 uniformis
1049 2282 1165 2358 iactus,
1195 2284 1243 2344 vel

124 2362 242 2455 piditas
256 2371 309 2435 de
313 2365 422 2431 multis
443 2379 543 2438 unus,
573 2367 658 2428 selus
681 2367 719 2427 ad
743 2368 841 2429 solum
860 2368 952 2444 plane
972 2369 1064 2429 deum
1082 2369 1244 2448 magnifice

120 2444 338 2537 congregatus
367 2460 431 2529 est,
461 2453 546 2514 nulla
575 2452 698 2514 omnino
728 2455 808 2515 circa
838 2454 921 2515 aliud
944 2456 1017 2531 quid
1039 2472 1143 2515 eorum
1166 2471 1245 2531 quae

127 2545 284 2622 dissipata
303 2543 376 2604 sunt
399 2540 621 2617 qualiscunque
645 2541 825 2617 cognitionis
848 2542 983 2642 imagine
1007 2542 1064 2602 sibi
1087 2542 1207 2602 simul
1200 2559 1247 2602 ιιι-

127 2631 211 2713 iata,
242 2629 274 2690 id
296 2628 378 2705 quod
401 2625 495 2703 alpha
515 2626 550 2688 lit
537 2630 649 2700 tierae,
680 2642 758 2702 quaa
782 2628 897 2687 nomini
920 2629 986 2688 eius
1010 2627 1176 2688 additat
1130 2633 1191 2704 est,
1218 2629 1246 2688 vi

129 2714 298 2797 significari
328 2719 410 2792 puto.
468 2704 569 2785 Quare
597 2713 688 2773 etiam
711 2730 815 2774 eorum
838 2714 889 2789 qui
912 2716 1053 2776 omnibus
1077 2731 1156 2790 quae
1178 2719 1248 2791 post

130 2804 227 2867 deum
256 2805 329 2880 sunt
357 2799 510 2861 abdicatis
534 2813 589 2874 per
617 2798 709 2858 tidem
738 2800 777 2859 ad
807 2800 898 2862 deum
923 2802 1045 2862 adducti
1068 2805 1140 2862 sunt
1161 2807 1248 2876 pater

131 2876 317 2968 appellatus
328 2891 393 2960 est,
427 2889 533 2962 utpote
556 2885 608 2960 qui
630 2885 747 2946 eisdem
770 2903 823 2962 per
846 2887 965 2948 fidem
958 2904 990 2948 ιιι
1013 2888 1119 2964 spiritu
1141 2888 1249 2966 imagi-

131 2975 326 3063 nibuslpatri
348 2971 463 3032 similes
486 2986 560 3032 esse
581 2971 668 3032 liberi
688 2979 826 3049 possent.

132 3139 405 3242 Contemplatio
430 3141 469 3214 in
489 3137 643 3241 Moysen
663 3139 710 3214 de
732 3140 905 3216 detractis
929 3139 1071 3214 calceis.

121 3333 127 3340 .
243 3272 333 3350 Quod
356 3275 391 3335 in
419 3273 566 3353 principio
598 3275 775 3353 gnosticae
788 3274 869 3335 vitae
896 3275 1028 3334 fortasse
1051 3273 1143 3332 etiam
1164 3268 1249 3346 Moy·

133 3374 190 3427 tes
211 3362 279 3439 ille,
307 3377 377 3423 cnm
399 3360 561 3422 accederet
583 3361 622 3422 ad
644 3366 844 3438 conspectum
866 3361 976 3421 lucis
969 3376 999 3419 ιιι
1022 3360 1097 3418 rubo
1121 3356 1250 3434 mystice

125 3446 332 3531 apparentis,
363 3465 382 3509 a
410 3446 513 3510 diviua
543 3463 634 3524 voce,
669 3447 778 3523 ,Solve
802 3448 921 3509 calceos
952 3447 991 3507 de
1018 3444 1148 3522 pedibus
1177 3442 1248 3516 tuis,

135 3548 209 3601 nant
237 3537 289 3596 ubi
318 3539 384 3597 stas
410 3539 492 3597 terra
522 3538 631 3596 sancta
659 3538 734 3611 est‘‚
769 3533 888 3608 didicit,
923 3536 1056 3594 animam
1085 3531 1123 3592 ab
1153 3528 1251 3590 omni-

135 3626 195 3689 bus
218 3622 427 3699 corporalibus
450 3619 620 3682 secundum
644 3620 834 3681 allectionem
857 3619 990 3696 perfecte
960 3618 1144 3681 tsolntam
1167 3632 1249 3689 esse,

136 3721 208 3775 eum
244 3722 323 3789 quac
357 3706 624 3784 contemplationis
659 3709 709 3768 via
742 3707 780 3767 ad
811 3723 861 3766 res
891 3707 1041 3767 caelestes
1071 3702 1251 3780 intellegen-

135 3798 197 3881 das
210 3796 391 3879 ‚gnosticam
416 3793 634 3870 profectionem
656 3795 696 3853 sit
718 3793 910 3868 institutum,
946 3809 983 3853 ac
1004 3789 1169 3867 perlectam
1190 3789 1253 3864 pri-

136 3884 240 3946 stinae
267 3883 299 3941 iu
328 3882 431 3965 caruis
459 3879 566 3965 babitu
587 3881 667 3941 vitae
691 3878 905 3939 alienationem
928 3884 1031 3939 tenere
1054 3891 1109 3954 per
1131 3874 1251 3936 calceos

136 3969 305 4063 depositos.

137 4138 410 4242 Contemplatio
434 4138 474 4214 in
490 4144 617 4238 'partes
639 4135 914 4213 sacrificiorum.

246 4278 312 4341 Hoc
340 4291 447 4338 rursus
476 4274 610 4337 fortasse
633 4274 715 4335 idem
738 4273 914 4350 perdivinus
936 4268 1089 4346 Moyses
1083 4284 1113 4328 ιιι
1137 4267 1254 4329 sacrib-

140 4370 255 4431 clorum
291 4362 406 4443 regulis
441 4362 649 4447 significabat,
687 4360 809 4436 adipem
844 4363 875 4422 ει
903 4360 1054 4504 mesni}
1081 4360 1192 4433 pectus
1224 4359 1255 4412 et
