2768 4784
1156 197 1229 289 113,

122 384 205 460 uitis,
239 383 443 459 omnibusque
471 387 522 445 eis.
546 400 625 460 quae
654 384 787 460 quotidie
815 391 846 446 et
875 386 1232 465 singuiis-paenehoris

122 469 180 544 tlia
197 475 248 533 :el
277 469 345 548 ‚alia
373 471 521 537 xaccidant
547 470 616 533 ,unci
650 473 1038 551 commutatur.(versatile
1066 474 1146 533 enim
1174 472 1233 534 hoc

122 556 328 628 auitnal,.aui
351 554 443 619 homa
467 574 577 619 nouren
601 564 665 630 est,
696 559 825 634 unierat,
849 561 907 620 cito
929 561 1116 636 temporibus
1137 565 1233 634 atqua

122 645 357 725 necessitatibus
387 648 633 721 cannamomum),
670 661 800 707 necesse
833 653 881 706 est
912 648 1038 710 omnmo
1071 645 1233 722 providen-

122 730 192 795 tium
222 738 361 807 quoque,
390 734 529 808 praescia
559 736 668 793 cuncta
699 748 754 807 per
779 733 1043 808 singulaambitu
1066 749 1125 793 suo
1141 747 1233 797 ‚com-

123 815 327 897 plectentem,¹
350 816 504 887 diversum
527 826 557 881 et
579 820 692 881 variato
716 826 747 878 et
769 819 964 895 multiplicem
987 819 1095 892 uideri,
1130 825 1233 894 atque,
1341 858 1344 863 -

125 918 189 964 curn
219 919 284 963 una
308 921 381 979 ,cum
411 907 505 966 rebus
535 905 613 965 adeo
641 904 847 981 multiplicatis
877 913 911 966 ut
939 922 1066 966 numero
1095 920 1248 981 compre.

123 987 211 1059 heudi
248 997 406 1066 nequeant
441 991 638 1072 extendatur,
676 991 847 1052 secuudum
882 993 996 1053 iactum
1029 993 1171 1068 quodque
1193 997 1233 1066 ,et

124 1077 303 1154 cogitatum,¹
332 1077 381 1139 val
412 1093 510 1153 usque
538 1081 567 1138 in
590 1085 700 1140 tenues
723 1094 801 1154 quae
824 1081 918 1139 menti
940 1087 994 1140 aut
1016 1081 1140 1154 corpori
1156 1080 1233 1138 obas

123 1162 239 1233 dantur
259 1170 361 1229 motus
381 1167 546 1241 uuicuique
568 1167 787 1227 convenienter
809 1165 1042 1227 accommodari.
1096 1163 1181 1237 Quod
1205 1165 1233 1227 si

122 1249 309 1327 singulorum
325 1249 508 1314 differentia
536 1253 691 1312 notionem
716 1251 857 1323 excedit,
888 1259 918 1311 et
943 1252 1061 1313 infinita
1084 1257 1133 1311 est
1154 1251 1232 1313 ratio

122 1335 329 1412 providentiae
350 1337 410 1399 illis
434 1355 469 1400 se
491 1338 710 1400 convenienter
733 1339 1009 1413 accommodantis,
1040 1337 1162 1397 miniroe
1186 1342 1236 1397 tae

122 1437 209 1494 mem·
250 1439 321 1484 oum
352 1424 469 1489 infinita
502 1431 533 1485 et
563 1424 801 1501 inperceptibiiis
831 1426 918 1486 nobis
953 1426 992 1484 sit
1024 1423 1232 1500 providentioe

122 1509 261 1591 siugulas
285 1516 388 1587 paries
406 1513 603 1588 procurantis
626 1513 721 1583 ratio,
748 1511 819 1571 inde
840 1513 961 1590 propria
984 1511 1162 1595 ignorantia·
1180 1526 1233 1575 sa·.

122 1595 342 1671 pientissimom
375 1614 476 1658 rerum
508 1605 637 1659 naturae
667 1599 908 1674 procurationem
937 1597 1043 1658 tollere
1072 1597 1233 1672 debemus,

122 1681 173 1766 aad
201 1684 307 1755 omnia
335 1685 511 1760 simpliciter
539 1692 570 1745 et
598 1685 665 1744 sine
695 1686 852 1756 examine,
882 1685 939 1745 deo
960 1686 1177 1758 parrveuienter
1201 1690 1237 1744 et·

122 1769 248 1841 utiliter,
266 1770 476 1849 providentiae
498 1771 626 1831 laudare
644 1788 738 1847 opera
757 1778 787 1831 et
803 1776 930 1848 accepta
949 1770 1079 1841 referre,
1103 1777 1134 1831 et
1151 1785 1231 1844 quaa

122 1853 205 1921 lant,
223 1856 302 1916 bene
323 1857 387 1918 deri
409 1857 576 1931 confidere,
610 1860 703 1918 etiam
725 1858 752 1917 si
775 1860 925 1918 rationem
947 1874 1051 1918 eorum
1073 1873 1137 1917 non
1158 1873 1232 1931 pos·
1298 1911 1303 1921 .

122 1956 225 2021 tantus
255 1945 390 2018 assequi.
442 1946 557 2006 Cuncta
586 1960 658 2003 vero
682 1946 708 2003 si
730 1943 816 2016 dico,
849 1944 1055 2020 providentiae
1078 1960 1128 2004 res
1150 1943 1228 2016 dico,

122 2027 259 2089 videlicet
289 2045 350 2089 non
382 2046 420 2092 ea
449 2046 529 2106 quae
558 2045 577 2090 a
606 2031 694 2109 nobis
724 2031 893 2091 secundum
917 2037 1042 2091 nostrae
1066 2030 1230 2090 voluntatis

122 2120 148 2175 ct
175 2115 291 2195 indolis
321 2119 473 2179 rationem
506 2134 600 2193 prave
628 2117 717 2193 fiunt;
758 2117 836 2178 haec
865 2119 945 2178 enim
974 2133 994 2178 a
1022 2116 1230 2192 prouidentiae

122 2203 236 2273 rationo
265 2202 357 2278 plane
386 2206 512 2265 absona.
575 2203 699 2265 Modum
727 2205 818 2281 igitur
844 2203 1003 2264 rationalis
1033 2208 1063 2262 et
1092 2207 1255 2262 contem--

122 2282 251 2363 platinae
277 2296 455 2352 sauctorum
484 2289 647 2366 potestatis
675 2295 705 2350 et
732 2291 849 2368 gratioe
878 2293 917 2351 ab
947 2306 1060 2368 magno
1082 2288 1142 2348 hoc
1164 2303 1229 2348 mu·

122 2375 441 2454 gisuosigniiicatum
470 2383 634 2455 postquam
664 2378 856 2450 coniectura,
886 2393 947 2437 non
978 2382 1060 2436 certa
1081 2377 1229 2450 interpre-

122 2454 247 2539 la'tipne,
267 2464 426 2539 qualium
454 2464 534 2523 enirn
562 2464 651 2524 abest
673 2469 707 2524 ut
730 2480 817 2523 meus
840 2469 946 2524 nostra
967 2462 1232 2523 illiusrveritatem

122 2547 312 2628 aequipmet)
347 2567 402 2627 per
433 2548 525 2629 hanc„
549 2549 787 2626 disputationem
820 2552 913 2609 verbo
947 2549 1071 2624 assequi
1094 2549 1231 2623 eiusque

122 2636 221 2709 quasi.
238 2637 369 2715 uestigia
390 2636 546 2715 indagare
576 2643 706 2698 conatus
736 2653 820 2713 sum,
854 2636 946 2697 talem
977 2651 1048 2697 esse
1078 2635 1231 2708 duntaxat
1286 2670 1288 2675 ·

122 2722 267 2799 suspicor.
302 2790 306 2799 ,
1178 2754 1181 2758 -

122 2895 400 3009 Contemplatio
421 2878 583 2991 diversa,
599 2879 794 3010 superatae
820 2935 841 2984 a
867 2911 1000 2989 sanctis
1026 2911 1232 3001 materialis

166 3012 317 3115 dyadis,
340 3025 377 3089 et
398 3039 579 3114 quaenam
597 3015 637 3088 in
656 3015 821 3110 trinitate
841 3013 1081 3114 intellegatur
1093 3014 1226 3088 unitas.

171 3151 319 3233 ..Quod
339 3160 440 3215 autem
471 3153 659 3214 materialem
689 3152 819 3228 dyadem
850 3157 996 3228 superent
1018 3153 1131 3221 sancti,
1159 3168 1228 3225 pro·

124 3240 181 3310 pter
201 3239 352 3301 unitatem
377 3241 407 3300 in
430 3241 564 3301 trinitate
586 3239 788 3312 intellectam,
819 3239 984 3317 significari
1007 3240 1046 3298 ab
1069 3255 1105 3298 eo
1126 3237 1244 3327 suspi-¹

125 3338 170 3383 cor
194 3326 355 3386 materiam
386 3333 478 3403 atque
506 3327 650 3400 formum,
683 3327 767 3399 unde
796 3332 869 3386 sunt
890 3340 1032 3404 corpora,
1065 3329 1228 3400 superatas

125 3417 170 3475 nn
191 3427 316 3483 curnem
340 3419 371 3473 et
393 3414 569 3490 materiam,
594 3413 705 3488 quihus
729 3412 874 3489 disruptis
898 3429 966 3472 cum
992 3411 1050 3472 deo
1070 3409 1229 3488 congressi
1286 3422 1289 3427 ’
1329 3440 1332 3446 ·

125 3498 282 3570 purissima
303 3499 372 3560 luce
394 3501 555 3576 temperari
579 3506 671 3575 atque
694 3499 830 3575 pertundi
856 3499 979 3570 mereri,
1010 3497 1069 3559 hoc
1092 3503 1140 3557 est
1163 3497 1227 3556 ani-

125 3598 185 3645 mae
208 3585 249 3647 ad
271 3601 414 3657 carnem,
449 3594 479 3648 et
500 3604 554 3663 per
576 3602 698 3646 carnem
722 3585 760 3644 ad
786 3586 932 3645 materiae
954 3585 1151 3656 relationem,
1180 3582 1235 3665 vel·

124 3674 152 3730 ut
173 3672 202 3731 io
226 3672 406 3733 uuiversum
428 3674 552 3749 loquar,
576 3674 657 3732 omni
680 3671 818 3732 sensuali
839 3673 975 3732 essentia
998 3688 1067 3732 curn
1092 3667 1228 3730 sensibili

125 3759 199 3819 exuti
229 3758 403 3821 naturalem
431 3761 665 3832 necessitatem,
695 3759 828 3819 divinum
858 3757 1009 3819 duntaxat
1032 3765 1246 3831 recte-appea,

123 3845 201 3905 mum
237 3847 351 3921 secuti,
392 3853 515 3923 propter
545 3848 691 3906 unitatem
720 3860 813 3921 quoe,
856 3851 889 3905 ut
917 3844 995 3919 dixi,
1037 3845 1066 3902 in
1095 3842 1229 3909 trinitate

123 3927 311 4010 intellegitur.
379 3933 455 3993 Cum
490 3934 569 4014 etaim
607 3932 739 3992 mediam
770 3931 848 3991 inter
881 3930 971 3990 deum
1005 3935 1035 3990 et
1068 3928 1227 3989 materiam

125 4015 297 4079 milecotam
321 4020 452 4079 animam
477 4035 547 4080 esse
569 4018 790 4087 intellexerint,
825 4022 855 4077 et
877 4016 989 4077 habere
1011 4017 1040 4075 in
1064 4021 1228 4090 utrumque

125 4104 241 4181 mundi
270 4121 344 4168 sese
372 4104 588 4181 conflandique
606 4108 802 4185 potestates,
832 4103 1019 4164 intellectum
1049 4104 1173 4176 iuquam
1196 4102 1228 4161 in

126 4186 216 4263 deum,
229 4197 261 4253 et
283 4193 313 4252 in
338 4194 495 4253 materiam
519 4209 663 4274 sensum,
687 4207 814 4252 sensnm
837 4189 960 4265 quidem
980 4205 1043 4250 uua
1065 4205 1134 4250 aum
1156 4204 1229 4249 sen·

183 4392 210 4446 4.
228 4389 465 4451 macomariam,
491 4387 562 4453 quod,
583 4376 645 4439 cum
663 4383 714 4438 cori
731 4386 867 4452 iungatur,
894 4387 1026 4440 excidisse
1044 4354 1171 4456 auspicor.
