2752 4778
221 184 291 267 128

55 370 443 458 1ῦοτ·10,11-μορφοόμε’νος
463 371 646 452 (Συνὲβαινε
668 366 729 453 γάρ
752 367 883 444 ἐκείνοις
904 371 1057 451 τυπικῶς,
1078 372 1166 453 φησὶν
1181 361 1244 443 ὃδὴ

217 453 416 535 άπόστολος,
440 451 562 544 ἐγράφη
584 457 619 519 δὲ
640 452 722 538 πρός
743 460 919 521 νουθεσίαν
939 449 1042 539 ήμῶν,
1064 454 1110 531 είς
1124 448 1244 530 affl

218 547 279 609 τῶν
312 542 436 608 αίῶνων
463 540 661 621 κατήντησε),
703 539 784 625 πρός
811 545 870 625 μὲν
898 539 972 617 τοῦς
1001 540 1102 607 πόλει
1127 535 1244 693 πρόῖ

217 627 344 710 ἆγίους,
369 625 433 696 dud
455 632 515 711 μὲν
536 634 667 703 κτίσεως
688 625 808 702 κόσμου
830 625 884 707 τήν
905 634 979 714 περὶ
1001 631 1084 693 θεοῦ
1099 631 1202 712 γνῶσιν

217 720 281 801 θῶς
302 715 532 825 ποριζόμενος,
553 710 617 779 dmi
641 715 676 778 δὲ
698 717 751 792 τῆς
773 711 809 779 τό
831 717 895 778 πᾶν
916 718 1029 799 σοφῶς
1045 712 1244 799 διοικοίσηεη

218 808 308 878 νοίας
330 826 384 877 τας
405 800 521 885 αρετδις
541 802 725 883 κατορθοῦν
747 798 994 887 διδασκόμενος,
1022 796 1089 867 κατ’
1103 795 1244 876 aium

219 914 292 965 νους
314 885 387 964 τοῦς
407 884 472 972 πρό
493 890 550 951 τοῦ
572 886 673 996 νόμον
696 883 824 969 ἆγίονς,
854 885 887 951 οἳ
909 886 962 952 διά
981 886 1109 953 πάντων
1130 886 1244 973 φυσικός

218 973 345 1051 ἑαυτοῖς
366 971 421 1039 τόν
440 971 584 1084 γραπτὸν
607 997 639 1037 εν
661 971 813 1055 πνεύματι
835 970 1095 1058 προχαρόξαντες
1115 966 1244 1058 νόμοιιί

218 1065 305 1146 θείας
342 1066 395 1126 καὶ
431 1063 542 1145 αρετῆς
577 1069 646 1135 τοϊς
678 1057 757 1124 κατά
794 1059 893 1143 νόμον
924 1059 1053 1137 εἰκότως
1080 1056 1244 1146 προεβλήθη

55 1168 108 1208 εισι.
121 1162 185 1213 51.2
219 1146 431 1232 ἐξεμπλάριον
457 1141 662 1231 (Ἔμβλέψατε
682 1143 763 1231 γάρ,
791 1151 869 1256 φησὶ
877 1192 887 1224 ,
898 1182 902 1188 ·
914 1145 997 1234 πρός
1012 1143 1165 1234 Ἁβραάμ
1184 1144 1229 1211 τόν
1242 1175 1244 1207 z

55 1254 102 1295 coa.
116 1255 129 1295 ι.
141 1249 178 1293 156
190 1239 294 1323 κείρω
317 1231 420 1319 ῦμῶν,
450 1238 503 1299 καὶ
526 1227 656 1319 Σάρραν
674 1231 681 1318 l
700 1229 755 1310 τήν
778 1235 956 1317 ωδίνουσαν
977 1228 1068 1317 ῦμῶς)
1096 1232 1175 1322 πρός
1193 1235 1244 1298 δὲι

218 1320 297 1388 κατά
330 1319 432 1404 νόμον
463 1317 517 1384 διά
546 1322 606 1382 τῶν
637 1317 772 1382 ἐντολῶν
799 1318 845 1395 εἷς
874 1322 1043 1403 ἐπίγνωσιν
1071 1323 1129 1387 τοῦ
1156 1319 1188 1385 ἔν
1211 1313 1244 1382 οῦ

218 1406 472 1494 ῦπηγορενμένου
505 1410 588 1471 θεοῦ
623 1400 663 1468 δι’
696 1400 846 1490 εῦσεβοῦς
874 1403 998 1483 ἐννοίας
1026 1403 1229 1491 ἀναγόμενος,

218 1505 287 1571 τοῖς
323 1493 503 1573 καθήκουσι
538 1495 602 1555 τῶν
629 1486 751 1577 οἷρετῶν
780 1490 914 1576 τρόποις
942 1489 982 1557 δι’
1010 1491 1157 1577 εὐγενοῦς
1183 1490 1244 1580 πρῶ,

217 1578 509 1663 καλλωπιζόμενος,
544 1583 598 1642 καὶ
627 1574 738 1642 τοῦτόν
765 1582 810 1666 τῷ
836 1582 968 1667 γραπτῷ
996 1577 1085 1668 νόμῳ
1113 1574 1171 1645 τόν
1191 1602 1244 1688 φνσ

219 1665 295 1734 όντα
316 1661 563 1748 παιδευόμενος,
587 1662 664 1728 ὅταν
685 1668 793 1748 σοφῶς
815 1664 869 1728 διὰ
888 1663 1055 1748 συμβόλων
1074 1660 1154 1731 κατὰ
1175 1688 1244 1746 τηνν

218 1757 267 1830 ξιν
288 1756 508 1832 ποικίλληται,
537 1755 590 1814 καὶ
612 1749 749 1834 ἔμπαλιν
771 1754 815 1837 τῷ
837 1750 962 1839 φυσικῷ
985 1749 1041 1833 τόν
1061 1750 1220 1838 γραπτὰν,
1242 1786 1244 1811 ι

218 1837 357 1918 ἑνοειδής
378 1840 432 1904 καὶ
454 1833 575 1912 διπλοῦς
596 1841 649 1902 καὶ
672 1833 840 1922 συμβόλων
863 1835 895 1900 ἓν
917 1847 986 1913 τοῖς
1006 1834 1113 1915 άξίοις
1129 1832 1244 1926 κατ’άρ

219 1951 250 1991 τε
272 1931 325 1991 καὶ
348 1927 466 2010 γνοῦσιν
487 1921 539 1989 διά
562 1919 660 2006 λόγου
680 1929 732 1988 καὶ
750 1927 892 2008 θεωρίας
910 1922 1080 2010 ἒλεῦθερος
1096 1929 1236 2011 γένηται,

218 2009 331 2088 αῦτοῦς
359 2010 497 2086 ἐκείνους
527 2005 600 2084 τοῦς
628 2008 661 2073 ἒν
688 2008 776 2114 νόμῷ
798 2005 923 2093 ἁγίους,
957 2011 991 2076 οἳ
1012 2009 1048 2076 τό
1070 2010 1244 2120 γρόμμαῶ

217 2098 365 2183 κάλυμμα
386 2094 591 2182 περιελόντος
612 2099 669 2161 τοῦ
689 2120 867 2180 πνευματος
888 2093 944 2162 τόν
962 2122 1101 2182 φυσικον
1118 2097 1220 2184 νόμον
1237 2098 1244 2165 λ

217 2212 266 2262 τες
287 2187 505 2270 πνευματικῶς
526 2185 761 2267 διεδείχθησαν.

208 2345 292 2422 Ὅτι
317 2340 381 2417 καὶ
404 2340 439 2415 οἱ
463 2337 559 2415 κατὰ
582 2339 702 2434 νόμον
721 2338 820 2440 ἅγιοι
842 2347 1102 2435 πνενματικῶς
1123 2339 1194 2417 τὸν
1211 2368 1244 2416 νε

270 2443 502 2543 ἐκδεχόμενοι
523 2440 592 2539 τήν
610 2440 659 2517 δι’
688 2442 807 2517 αὐτοῦ
823 2445 1073 2540 μηκυνομένην·
1082 2444 1199 2542 χάριν
1221 2472 1244 2518 π

268 2550 420 2646 βλεπον.

324 2678 447 2754 Πάντες
463 2677 524 2762 γὰρ
544 2672 717 2765 διαρρήδην
734 2675 843 2766 ἕτερον
860 2677 950 2788 παρά
969 2678 1024 2759 τήν
1041 2685 1177 2765 νομικὴν
1193 2683 1244 2751 ἓσε

215 2771 367 2852 ,λατρείαν
399 2762 686 2851 προθεωρήσιιντες
720 2766 756 2830 τὸ
793 2762 858 2831 κατ’
894 2765 990 2846 αυτήν
1022 2766 1244 2854 φανησόμενον

218 2850 497 2937 θεοπρεπεστάτης
532 2851 608 2930 ζωῆς
646 2855 766 2916 τέλειον
800 2851 1033 2938 προεκήρυξαν,
1072 2861 1127 2921 καὶ
1164 2861 1203 2948 τῇ
1234 2885 1244 2943 η

218 2936 407 3027 πρόςφορόν
434 2963 467 3004 τε
495 2943 549 3003 καὶ
579 2937 793 3016 οἰκειότατον,
828 2934 870 3015 ῶς
895 2938 1029 3026 μηδενός
1051 2945 1113 3006 τῶν
1135 2941 1228 3020 ἐκτός

218 3031 380 3092 τελείωσιν
401 3023 619 3110 ἓπιδεόμενοι,
646 3024 756 3101 καθῶς
777 3029 857 3092 πᾶσι
880 3030 977 3107 δῆλον
998 3031 1176 3110 καθέστηκε
1199 3039 1244 3096 τοί

219 3106 372 3197 όγνοοῦσι
402 3111 440 3178 τό
469 3110 523 3176 διά
552 3114 609 3176 τοῦ
634 3110 733 3195 νόμου
756 3117 810 3176 καὶ
832 3109 893 3177 τῶν
915 3118 1088 3200 προφητῶν
1109 3120 1188 3182 θεία
1210 3120 1244 3184 θε

220 3223 334 3284 σματα.
370 3198 471 3284 Ὅπερ
496 3195 637 3282 μάλιστα
659 3200 768 3282 Δαβὶδ
787 3204 840 3264 καὶ
859 3196 996 3277 Ἐζεκίας
1016 3207 1071 3267 καὶ
1093 3198 1236 3292 τῷνιοθ

219 3286 276 3352 τόν
303 3283 387 3373 πρός
414 3294 483 3360 τοῖς
510 3281 621 3360 άλλοις
642 3282 790 3371 ἑκάτερος
811 3285 948 3370 δράματι
969 3293 1199 3376 παρηνίττετο,
1232 3286 1244 3356 δ

219 3368 298 3456 ῦπὲρ
326 3375 388 3450 ’τῆς
421 3368 579 3458 ἁμαρτίας
613 3376 751 3456 νομικῶς
783 3371 838 3438 τόν
866 3370 947 3438 θεόν
974 3372 1210 3463 ἐξιλεοόμενος,

218 3455 388 3547 προςθήκμ
408 3459 485 3537 ζωῆς
506 3455 600 3544 ἑτέρῳ
622 3455 710 3543 παρά
734 3454 788 3525 τόν
810 3457 910 3545 νόμον
931 3465 1046 3549 θεσμῷ
1066 3458 1155 3549 πάρό
1177 3467 1234 3531 τοῦ

219 3542 458 3629 σεμνυνόμενος.

209 3683 292 3760 Ὅτι
315 3682 378 3759 καὶ
397 3679 491 3782 ὑπὲρ
513 3680 579 3758 τὸν
602 3683 771 3782 γραπτὸν
792 3685 855 3760 καὶ
875 3682 968 3783 ὑπὲρ
990 3685 1057 3762 τὸν
1080 3685 1244 3786 φυσικὸν

270 3816 344 3881 μον
363 3787 505 3889 γίνεται
529 3785 548 3860 ὁ
568 3794 620 3885 τῷ
634 3792 790 3887 Χριστῷ
812 3788 975 3891 γνησίως
998 3788 1062 3883 διδι
1084 3797 1163 3866 τῶν
1185 3792 1244 3892 ἀρε

270 3889 366 3965 κατά
391 3888 565 3966 διάθεσιν
590 3891 826 3969 ἀκολουθῶν.
1104 3890 1109 3903 ’

326 4021 427 4091 Οῦδὲν
456 4029 491 4091 δὲ
518 4024 555 4092 τό
585 4024 724 4110 κωλῦον,
752 4021 794 4107 ῶς
823 4023 933 4116 οἶμαι,
962 4029 1031 4099 ἐστὶ
1059 4030 1115 4099 τόν
1143 4031 1176 4098 ἓν
1203 4058 1244 4100 το41

220 4116 498 4198 προπαιδευθὲντα
534 4122 601 4189 τοῖς
637 4114 765 4198 νόμοις,
802 4120 846 4205 τῷ
878 4122 1004 4205 φυσικῷ
1031 4122 1173 4204 τόφημι
1202 4146 1243 4186 κα

219 4202 365 4283 γραπτῷ,
394 4199 595 4282 ’θεοφιλῶς,
623 4199 701 4287 ήπερ
725 4199 853 4281 τούτοις
873 4207 1027 4286 γενέσθαι
1045 4210 1240 4291 θεοπρεπῶς

281 4371 315 4423 ,1.
334 4370 471 4437 θεοφιλως
490 4371 551 4438 (εἰσ)
572 4372 649 4440 εἴπερ
667 4370 781 4433 τούτους
798 4376 855 4428 eod.
875 4377 942 4428 (iud.
