<?xml version="1.0" encoding="UTF-8"?>
<!DOCTYPE html PUBLIC "-//W3C//DTD XHTML 1.0 Transitional//EN"
    "http://www.w3.org/TR/xhtml1/DTD/xhtml1-transitional.dtd">
<html xmlns="http://www.w3.org/1999/xhtml" xml:lang="en" lang="en">
 <head>
  <title>
</title>
<meta http-equiv="Content-Type" content="text/html;charset=utf-8" />
  <meta name='ocr-system' content='tesseract 3.04.00' />
  <meta name='ocr-capabilities' content='ocr_page ocr_carea ocr_par ocr_line ocrx_word'/>
</head>
<body>
  <div class='ocr_page' id='page_1' title='image "./sanctipatrisnos00maxigoog_0276.png"; bbox 0 0 2768 4784; ppageno 0'>
   <div class='ocr_carea' id='block_1_1' title="bbox 1077 190 1150 269">
    <p class='ocr_par' dir='ltr' id='par_1_1' title="bbox 1077 190 1150 269">
     <span class='ocr_line' id='line_1_1' title="bbox 1077 190 1150 269; baseline 0.055 -4"><span class='ocrx_word' id='word_1_1' title='bbox 1077 190 1150 269; x_wconf 79' lang='lat'>241</span> 
     </span>
    </p>
   </div>
   <div class='ocr_carea' id='block_1_2' title="bbox 34 373 1189 1920">
    <p class='ocr_par' dir='ltr' id='par_1_2' title="bbox 34 373 1189 1920">
     <span class='ocr_line' id='line_1_2' title="bbox 34 373 1185 450; baseline 0.009 -19"><span class='ocrx_word' id='word_1_2' title='bbox 34 388 167 450; x_wconf 78' lang='lat' dir='ltr'>¹cunque</span> <span class='ocrx_word' id='word_1_3' title='bbox 195 375 336 435; x_wconf 84' lang='lat' dir='ltr'>moretur</span> <span class='ocrx_word' id='word_1_4' title='bbox 357 376 391 435; x_wconf 85' lang='lat' dir='ltr'>at</span> <span class='ocrx_word' id='word_1_5' title='bbox 410 373 523 433; x_wconf 88' lang='lat' dir='ltr'>lactum</span> <span class='ocrx_word' id='word_1_6' title='bbox 546 380 595 432; x_wconf 91' lang='lat' dir='ltr'>est</span> <span class='ocrx_word' id='word_1_7' title='bbox 616 388 669 447; x_wconf 88' lang='lat' dir='ltr'>per</span> <span class='ocrx_word' id='word_1_8' title='bbox 692 387 817 433; x_wconf 90' lang='lat' dir='ltr'>causam</span> <span class='ocrx_word' id='word_1_9' title='bbox 843 377 946 436; x_wconf 75' lang='lat' dir='ltr'>existit</span> <span class='ocrx_word' id='word_1_10' title='bbox 966 382 996 438; x_wconf 91' lang='lat' dir='ltr'>et</span> <span class='ocrx_word' id='word_1_11' title='bbox 1016 386 1154 441; x_wconf 89' lang='lat' dir='ltr'>movetur</span> <span class='ocrx_word' id='word_1_12' title='bbox 1184 399 1185 402; x_wconf 44' lang='lat'>¹</span> 
     </span>
     <span class='ocr_line' id='line_1_3' title="bbox 35 456 1154 540; baseline -0.001 -19"><span class='ocrx_word' id='word_1_13' title='bbox 35 467 75 527; x_wconf 65' lang='lat' dir='ltr'>at</span> <span class='ocrx_word' id='word_1_14' title='bbox 101 461 217 527; x_wconf 83' lang='lat' dir='ltr'>iactum</span> <span class='ocrx_word' id='word_1_15' title='bbox 248 467 311 537; x_wconf 88' lang='lat' dir='ltr'>est,</span> <span class='ocrx_word' id='word_1_16' title='bbox 341 461 478 535; x_wconf 87' lang='lat' dir='ltr'>sequitur</span> <span class='ocrx_word' id='word_1_17' title='bbox 504 465 539 518; x_wconf 91' lang='lat' dir='ltr'>ut</span> <span class='ocrx_word' id='word_1_18' title='bbox 561 475 618 519; x_wconf 92' lang='lat' dir='ltr'>nec</span> <span class='ocrx_word' id='word_1_19' title='bbox 640 456 779 520; x_wconf 81' lang='lat' dir='ltr'>ellectum</span> <span class='ocrx_word' id='word_1_20' title='bbox 802 461 842 520; x_wconf 94' lang='lat' dir='ltr'>sit</span> <span class='ocrx_word' id='word_1_21' title='bbox 865 463 1068 540; x_wconf 86' lang='lat' dir='ltr'>quodcunque</span> <span class='ocrx_word' id='word_1_22' title='bbox 1091 466 1154 527; x_wconf 82' lang='lat' dir='ltr'>exi..</span> 
     </span>
     <span class='ocr_line' id='line_1_4' title="bbox 45 545 1189 616; baseline 0.003 -7"><span class='ocrx_word' id='word_1_23' title='bbox 45 549 174 613; x_wconf 73' lang='lat' dir='ltr'>stantiae</span> <span class='ocrx_word' id='word_1_24' title='bbox 196 563 330 608; x_wconf 89' lang='lat' dir='ltr'>causam</span> <span class='ocrx_word' id='word_1_25' title='bbox 358 546 460 607; x_wconf 89' lang='lat' dir='ltr'>habel.</span> <span class='ocrx_word' id='word_1_26' title='bbox 479 545 611 616; x_wconf 90' lang='lat' dir='ltr'>nullam,</span> <span class='ocrx_word' id='word_1_27' title='bbox 648 561 706 604; x_wconf 90' lang='lat' dir='ltr'>nec</span> <span class='ocrx_word' id='word_1_28' title='bbox 734 547 843 606; x_wconf 85' lang='lat' dir='ltr'>mobile</span> <span class='ocrx_word' id='word_1_29' title='bbox 873 550 921 608; x_wconf 87' lang='lat' dir='ltr'>sit.</span> <span class='ocrx_word' id='word_1_30' title='bbox 977 550 1043 611; x_wconf 92' lang='lat' dir='ltr'>Non</span> <span class='ocrx_word' id='word_1_31' title='bbox 1073 554 1154 613; x_wconf 90' lang='lat' dir='ltr'>enim</span> <span class='ocrx_word' id='word_1_32' title='bbox 1187 580 1189 585; x_wconf 96' lang='lat'>·</span> 
     </span>
     <span class='ocr_line' id='line_1_5' title="bbox 47 632 1154 713; baseline 0.005 -19"><span class='ocrx_word' id='word_1_33' title='bbox 47 640 183 701; x_wconf 81' lang='lat' dir='ltr'>movetur</span> <span class='ocrx_word' id='word_1_34' title='bbox 204 634 329 693; x_wconf 90' lang='lat' dir='ltr'>omnino</span> <span class='ocrx_word' id='word_1_35' title='bbox 351 632 629 708; x_wconf 87' lang='lat' dir='ltr'>quodexistentiae</span> <span class='ocrx_word' id='word_1_36' title='bbox 646 648 743 692; x_wconf 88' lang='lat' dir='ltr'>causa</span> <span class='ocrx_word' id='word_1_37' title='bbox 763 638 856 693; x_wconf 90' lang='lat' dir='ltr'>caret.</span> <span class='ocrx_word' id='word_1_38' title='bbox 902 632 933 693; x_wconf 90' lang='lat' dir='ltr'>Sl</span> <span class='ocrx_word' id='word_1_39' title='bbox 951 643 1053 698; x_wconf 90' lang='lat' dir='ltr'>autem</span> <span class='ocrx_word' id='word_1_40' title='bbox 1072 640 1154 713; x_wconf 85' lang='lat' dir='ltr'>quod</span> 
     </span>
     <span class='ocr_line' id='line_1_6' title="bbox 47 717 1155 793; baseline 0.004 -11"><span class='ocrx_word' id='word_1_41' title='bbox 47 736 141 782; x_wconf 77' lang='lat' dir='ltr'>causa</span> <span class='ocrx_word' id='word_1_42' title='bbox 165 726 255 781; x_wconf 83' lang='lat' dir='ltr'>curet</span> <span class='ocrx_word' id='word_1_43' title='bbox 275 719 355 779; x_wconf 89' lang='lat' dir='ltr'>idem</span> <span class='ocrx_word' id='word_1_44' title='bbox 379 725 462 780; x_wconf 90' lang='lat' dir='ltr'>caret</span> <span class='ocrx_word' id='word_1_45' title='bbox 484 719 634 793; x_wconf 89' lang='lat' dir='ltr'>motione,</span> <span class='ocrx_word' id='word_1_46' title='bbox 669 717 805 792; x_wconf 86' lang='lat' dir='ltr'>sequitur</span> <span class='ocrx_word' id='word_1_47' title='bbox 826 725 859 779; x_wconf 91' lang='lat' dir='ltr'>ut</span> <span class='ocrx_word' id='word_1_48' title='bbox 881 720 1016 785; x_wconf 89' lang='lat' dir='ltr'>divinum</span> <span class='ocrx_word' id='word_1_49' title='bbox 1039 726 1078 784; x_wconf 90' lang='lat' dir='ltr'>sit</span> <span class='ocrx_word' id='word_1_50' title='bbox 1099 727 1155 786; x_wconf 91' lang='lat' dir='ltr'>im·</span> 
     </span>
     <span class='ocr_line' id='line_1_7' title="bbox 41 806 1154 887; baseline 0.011 -26"><span class='ocrx_word' id='word_1_51' title='bbox 41 806 174 885; x_wconf 71' lang='lat' dir='ltr'>mobile,</span> <span class='ocrx_word' id='word_1_52' title='bbox 207 806 290 882; x_wconf 83' lang='lat' dir='ltr'>quod</span> <span class='ocrx_word' id='word_1_53' title='bbox 318 807 502 868; x_wconf 75' lang='lat' dir='ltr'>existentiae</span> <span class='ocrx_word' id='word_1_54' title='bbox 532 819 608 866; x_wconf 86' lang='lat' dir='ltr'>suae</span> <span class='ocrx_word' id='word_1_55' title='bbox 638 821 764 865; x_wconf 88' lang='lat' dir='ltr'>causam</span> <span class='ocrx_word' id='word_1_56' title='bbox 796 822 855 865; x_wconf 94' lang='lat' dir='ltr'>oon</span> <span class='ocrx_word' id='word_1_57' title='bbox 879 807 972 868; x_wconf 90' lang='lat' dir='ltr'>habel</span> <span class='ocrx_word' id='word_1_58' title='bbox 994 826 1154 887; x_wconf 80' lang='lat' dir='ltr'>rerumque</span> 
     </span>
     <span class='ocr_line' id='line_1_8' title="bbox 49 890 1154 970; baseline 0.002 -14"><span class='ocrx_word' id='word_1_59' title='bbox 49 892 127 969; x_wconf 72' lang='lat' dir='ltr'>qnae</span> <span class='ocrx_word' id='word_1_60' title='bbox 154 897 226 954; x_wconf 85' lang='lat' dir='ltr'>sunl</span> <span class='ocrx_word' id='word_1_61' title='bbox 259 893 395 953; x_wconf 89' lang='lat' dir='ltr'>omnium</span> <span class='ocrx_word' id='word_1_62' title='bbox 429 909 525 953; x_wconf 90' lang='lat' dir='ltr'>causa</span> <span class='ocrx_word' id='word_1_63' title='bbox 560 896 614 952; x_wconf 90' lang='lat' dir='ltr'>est.</span> <span class='ocrx_word' id='word_1_64' title='bbox 680 890 855 964; x_wconf 82' lang='lat' dir='ltr'>Quomodo</span> <span class='ocrx_word' id='word_1_65' title='bbox 872 895 980 970; x_wconf 86' lang='lat' dir='ltr'>igitur,</span> <span class='ocrx_word' id='word_1_66' title='bbox 1021 897 1154 958; x_wconf 89' lang='lat' dir='ltr'>fortasse</span> 
     </span>
     <span class='ocr_line' id='line_1_9' title="bbox 47 977 1155 1055; baseline 0.003 -14"><span class='ocrx_word' id='word_1_67' title='bbox 47 979 154 1055; x_wconf 73' lang='lat' dir='ltr'>munis</span> <span class='ocrx_word' id='word_1_68' title='bbox 188 980 403 1054; x_wconf 74' lang='lat' dir='ltr'>interrogabit,</span> <span class='ocrx_word' id='word_1_69' title='bbox 443 978 629 1039; x_wconf 88' lang='lat' dir='ltr'>admirabilis</span> <span class='ocrx_word' id='word_1_70' title='bbox 658 977 708 1037; x_wconf 89' lang='lat' dir='ltr'>hic</span> <span class='ocrx_word' id='word_1_71' title='bbox 736 979 841 1038; x_wconf 89' lang='lat' dir='ltr'>doctor</span> <span class='ocrx_word' id='word_1_72' title='bbox 869 986 1016 1055; x_wconf 87' lang='lat' dir='ltr'>tanquam</span> <span class='ocrx_word' id='word_1_73' title='bbox 1045 985 1155 1044; x_wconf 85' lang='lat' dir='ltr'>mobile</span> 
     </span>
     <span class='ocr_line' id='line_1_10' title="bbox 44 1061 1154 1146; baseline 0.006 -21"><span class='ocrx_word' id='word_1_74' title='bbox 44 1066 208 1130; x_wconf 81' lang='lat' dir='ltr'>‚introducit</span> <span class='ocrx_word' id='word_1_75' title='bbox 242 1065 334 1136; x_wconf 89' lang='lat' dir='ltr'>deum</span> <span class='ocrx_word' id='word_1_76' title='bbox 369 1067 400 1124; x_wconf 94' lang='lat' dir='ltr'>in</span> <span class='ocrx_word' id='word_1_77' title='bbox 434 1061 641 1142; x_wconf 69' lang='lat' dir='ltr'>praepositis?</span> <span class='ocrx_word' id='word_1_78' title='bbox 705 1065 758 1124; x_wconf 86' lang='lat' dir='ltr'>Cui</span> <span class='ocrx_word' id='word_1_79' title='bbox 792 1067 1044 1141; x_wconf 85' lang='lat' dir='ltr'>respondebimus</span> <span class='ocrx_word' id='word_1_80' title='bbox 1073 1071 1154 1146; x_wconf 83' lang='lat' dir='ltr'>quod</span> 
     </span>
     <span class='ocr_line' id='line_1_11' title="bbox 49 1151 1155 1230; baseline -0.001 -13"><span class='ocrx_word' id='word_1_81' title='bbox 49 1158 172 1227; x_wconf 79' lang='lat' dir='ltr'>acuerat</span> <span class='ocrx_word' id='word_1_82' title='bbox 199 1151 308 1228; x_wconf 91' lang='lat' dir='ltr'>procul</span> <span class='ocrx_word' id='word_1_83' title='bbox 335 1152 443 1212; x_wconf 87' lang='lat' dir='ltr'>dubio:</span> <span class='ocrx_word' id='word_1_84' title='bbox 477 1151 565 1210; x_wconf 84' lang='lat' dir='ltr'>Rullo</span> <span class='ocrx_word' id='word_1_85' title='bbox 594 1151 742 1225; x_wconf 89' lang='lat' dir='ltr'>cuiusque</span> <span class='ocrx_word' id='word_1_86' title='bbox 770 1153 843 1211; x_wconf 90' lang='lat' dir='ltr'>artis</span> <span class='ocrx_word' id='word_1_87' title='bbox 866 1169 1069 1230; x_wconf 89' lang='lat' dir='ltr'>conservans,</span> <span class='ocrx_word' id='word_1_88' title='bbox 1098 1158 1155 1216; x_wconf 91' lang='lat' dir='ltr'>im·</span> 
     </span>
     <span class='ocr_line' id='line_1_12' title="bbox 49 1238 1154 1318; baseline 0.001 -17"><span class='ocrx_word' id='word_1_89' title='bbox 49 1239 163 1301; x_wconf 80' lang='lat' dir='ltr'>mobilis</span> <span class='ocrx_word' id='word_1_90' title='bbox 189 1239 314 1298; x_wconf 91' lang='lat' dir='ltr'>omuino</span> <span class='ocrx_word' id='word_1_91' title='bbox 343 1238 384 1298; x_wconf 90' lang='lat' dir='ltr'>ad</span> <span class='ocrx_word' id='word_1_92' title='bbox 414 1253 449 1298; x_wconf 92' lang='lat' dir='ltr'>se</span> <span class='ocrx_word' id='word_1_93' title='bbox 475 1253 620 1311; x_wconf 90' lang='lat' dir='ltr'>manens,</span> <span class='ocrx_word' id='word_1_94' title='bbox 655 1242 689 1296; x_wconf 91' lang='lat' dir='ltr'>ut</span> <span class='ocrx_word' id='word_1_95' title='bbox 718 1238 856 1313; x_wconf 91' lang='lat' dir='ltr'>exemplo</span> <span class='ocrx_word' id='word_1_96' title='bbox 885 1244 970 1315; x_wconf 89' lang='lat' dir='ltr'>utar,</span> <span class='ocrx_word' id='word_1_97' title='bbox 1002 1259 1071 1301; x_wconf 92' lang='lat' dir='ltr'>cum</span> <span class='ocrx_word' id='word_1_98' title='bbox 1100 1259 1154 1318; x_wconf 92' lang='lat' dir='ltr'>per</span> 
     </span>
     <span class='ocr_line' id='line_1_13' title="bbox 49 1322 1154 1404; baseline 0.002 -18"><span class='ocrx_word' id='word_1_99' title='bbox 49 1325 186 1404; x_wconf 80' lang='lat' dir='ltr'>singalas</span> <span class='ocrx_word' id='word_1_100' title='bbox 215 1326 329 1386; x_wconf 83' lang='lat' dir='ltr'>formas</span> <span class='ocrx_word' id='word_1_101' title='bbox 357 1340 462 1385; x_wconf 91' lang='lat' dir='ltr'>eorum</span> <span class='ocrx_word' id='word_1_102' title='bbox 487 1340 566 1398; x_wconf 89' lang='lat' dir='ltr'>quac</span> <span class='ocrx_word' id='word_1_103' title='bbox 588 1322 627 1383; x_wconf 88' lang='lat' dir='ltr'>ad</span> <span class='ocrx_word' id='word_1_104' title='bbox 649 1323 778 1384; x_wconf 89' lang='lat' dir='ltr'>eandem</span> <span class='ocrx_word' id='word_1_105' title='bbox 801 1331 897 1385; x_wconf 87' lang='lat' dir='ltr'>artem</span> <span class='ocrx_word' id='word_1_106' title='bbox 919 1329 1071 1402; x_wconf 86' lang='lat' dir='ltr'>pertinent</span> <span class='ocrx_word' id='word_1_107' title='bbox 1092 1329 1154 1388; x_wconf 89' lang='lat' dir='ltr'>lor·</span> 
     </span>
     <span class='ocr_line' id='line_1_14' title="bbox 48 1410 1155 1487; baseline -0.002 -11"><span class='ocrx_word' id='word_1_108' title='bbox 48 1420 161 1487; x_wconf 86' lang='lat' dir='ltr'>matur,</span> <span class='ocrx_word' id='word_1_109' title='bbox 198 1413 313 1474; x_wconf 87' lang='lat' dir='ltr'>moveri</span> <span class='ocrx_word' id='word_1_110' title='bbox 343 1411 450 1472; x_wconf 88' lang='lat' dir='ltr'>dicitur</span> <span class='ocrx_word' id='word_1_111' title='bbox 480 1413 599 1486; x_wconf 90' lang='lat' dir='ltr'>potius,</span> <span class='ocrx_word' id='word_1_112' title='bbox 638 1410 719 1485; x_wconf 89' lang='lat' dir='ltr'>quod</span> <span class='ocrx_word' id='word_1_113' title='bbox 750 1411 918 1472; x_wconf 88' lang='lat' dir='ltr'>secundum</span> <span class='ocrx_word' id='word_1_114' title='bbox 942 1430 977 1474; x_wconf 89' lang='lat' dir='ltr'>se</span> <span class='ocrx_word' id='word_1_115' title='bbox 1001 1421 1103 1476; x_wconf 88' lang='lat' dir='ltr'>movet</span> <span class='ocrx_word' id='word_1_116' title='bbox 1124 1415 1155 1474; x_wconf 89' lang='lat' dir='ltr'>id</span> 
     </span>
     <span class='ocr_line' id='line_1_15' title="bbox 44 1496 1156 1576; baseline 0.001 -16"><span class='ocrx_word' id='word_1_117' title='bbox 44 1500 126 1576; x_wconf 23' lang='lat' dir='ltr'>,quod</span> <span class='ocrx_word' id='word_1_118' title='bbox 155 1504 219 1559; x_wconf 88' lang='lat' dir='ltr'>arte</span> <span class='ocrx_word' id='word_1_119' title='bbox 248 1498 389 1572; x_wconf 85' lang='lat' dir='ltr'>efficitur,</span> <span class='ocrx_word' id='word_1_120' title='bbox 427 1514 518 1572; x_wconf 88' lang='lat' dir='ltr'>quam</span> <span class='ocrx_word' id='word_1_121' title='bbox 547 1496 629 1571; x_wconf 90' lang='lat' dir='ltr'>quod</span> <span class='ocrx_word' id='word_1_122' title='bbox 658 1498 808 1557; x_wconf 84' lang='lat' dir='ltr'>movendo</span> <span class='ocrx_word' id='word_1_123' title='bbox 842 1507 989 1574; x_wconf 88' lang='lat' dir='ltr'>appareat</span> <span class='ocrx_word' id='word_1_124' title='bbox 1020 1501 1084 1576; x_wconf 87' lang='lat' dir='ltr'>vel,</span> <span class='ocrx_word' id='word_1_125' title='bbox 1121 1507 1156 1563; x_wconf 84' lang='lat' dir='ltr'>ut</span> 
     </span>
     <span class='ocr_line' id='line_1_16' title="bbox 48 1584 1155 1660; baseline 0.004 -16"><span class='ocrx_word' id='word_1_126' title='bbox 48 1584 97 1647; x_wconf 85' lang='lat' dir='ltr'>lux</span> <span class='ocrx_word' id='word_1_127' title='bbox 119 1601 200 1660; x_wconf 80' lang='lat' dir='ltr'>quae</span> <span class='ocrx_word' id='word_1_128' title='bbox 221 1584 260 1645; x_wconf 88' lang='lat' dir='ltr'>ad</span> <span class='ocrx_word' id='word_1_129' title='bbox 283 1585 447 1644; x_wconf 86' lang='lat' dir='ltr'>ridendum</span> <span class='ocrx_word' id='word_1_130' title='bbox 470 1588 571 1642; x_wconf 80' lang='lat' dir='ltr'>nrouet</span> <span class='ocrx_word' id='word_1_131' title='bbox 592 1585 692 1642; x_wconf 89' lang='lat' dir='ltr'>visum</span> <span class='ocrx_word' id='word_1_132' title='bbox 716 1585 824 1644; x_wconf 90' lang='lat' dir='ltr'>dicitur</span> <span class='ocrx_word' id='word_1_133' title='bbox 842 1587 974 1658; x_wconf 85' lang='lat' dir='ltr'>moveri,</span> <span class='ocrx_word' id='word_1_134' title='bbox 1003 1604 1071 1646; x_wconf 90' lang='lat' dir='ltr'>cum</span> <span class='ocrx_word' id='word_1_135' title='bbox 1091 1594 1155 1648; x_wconf 87' lang='lat' dir='ltr'>m&#39;o-</span> 
     </span>
     <span class='ocr_line' id='line_1_17' title="bbox 47 1671 1155 1748; baseline 0 -13"><span class='ocrx_word' id='word_1_136' title='bbox 47 1688 121 1735; x_wconf 70' lang='lat' dir='ltr'>nens</span> <span class='ocrx_word' id='word_1_137' title='bbox 152 1673 251 1732; x_wconf 89' lang='lat' dir='ltr'>omnis</span> <span class='ocrx_word' id='word_1_138' title='bbox 280 1673 366 1730; x_wconf 90' lang='lat' dir='ltr'>visus</span> <span class='ocrx_word' id='word_1_139' title='bbox 389 1673 511 1746; x_wconf 86' lang='lat' dir='ltr'>proprie</span> <span class='ocrx_word' id='word_1_140' title='bbox 534 1685 627 1729; x_wconf 92' lang='lat' dir='ltr'>causa</span> <span class='ocrx_word' id='word_1_141' title='bbox 651 1671 690 1728; x_wconf 93' lang='lat' dir='ltr'>sit</span> <span class='ocrx_word' id='word_1_142' title='bbox 712 1672 809 1746; x_wconf 83' lang='lat' dir='ltr'>magis</span> <span class='ocrx_word' id='word_1_143' title='bbox 833 1688 924 1746; x_wconf 91' lang='lat' dir='ltr'>quam</span> <span class='ocrx_word' id='word_1_144' title='bbox 949 1674 1030 1748; x_wconf 82' lang='lat' dir='ltr'>quod</span> <span class='ocrx_word' id='word_1_145' title='bbox 1052 1691 1155 1735; x_wconf 88' lang='lat' dir='ltr'>move-</span> 
     </span>
     <span class='ocr_line' id='line_1_18' title="bbox 47 1756 1156 1833; baseline 0.004 -14"><span class='ocrx_word' id='word_1_146' title='bbox 47 1766 109 1832; x_wconf 87' lang='lat' dir='ltr'>tur,</span> <span class='ocrx_word' id='word_1_147' title='bbox 138 1759 181 1819; x_wconf 85' lang='lat' dir='ltr'>ita</span> <span class='ocrx_word' id='word_1_148' title='bbox 204 1764 236 1818; x_wconf 87' lang='lat' dir='ltr'>et</span> <span class='ocrx_word' id='word_1_149' title='bbox 257 1756 390 1816; x_wconf 87' lang='lat' dir='ltr'>divinum</span> <span class='ocrx_word' id='word_1_150' title='bbox 415 1756 504 1832; x_wconf 88' lang='lat' dir='ltr'>plane</span> <span class='ocrx_word' id='word_1_151' title='bbox 526 1757 678 1815; x_wconf 88' lang='lat' dir='ltr'>immobile</span> <span class='ocrx_word' id='word_1_152' title='bbox 703 1759 840 1817; x_wconf 85' lang='lat' dir='ltr'>existens</span> <span class='ocrx_word' id='word_1_153' title='bbox 863 1776 918 1833; x_wconf 93' lang='lat' dir='ltr'>pro</span> <span class='ocrx_word' id='word_1_154' title='bbox 941 1762 1076 1820; x_wconf 89' lang='lat' dir='ltr'>essentia</span> <span class='ocrx_word' id='word_1_155' title='bbox 1098 1779 1156 1823; x_wconf 91' lang='lat' dir='ltr'>sua</span> 
     </span>
     <span class='ocr_line' id='line_1_19' title="bbox 42 1843 1156 1920; baseline 0.004 -17"><span class='ocrx_word' id='word_1_156' title='bbox 42 1851 139 1920; x_wconf 75' lang='lat' dir='ltr'>mque</span> <span class='ocrx_word' id='word_1_157' title='bbox 167 1848 292 1920; x_wconf 84' lang='lat' dir='ltr'>natura,</span> <span class='ocrx_word' id='word_1_158' title='bbox 323 1850 429 1919; x_wconf 91' lang='lat' dir='ltr'>utpote</span> <span class='ocrx_word' id='word_1_159' title='bbox 458 1844 605 1902; x_wconf 87' lang='lat' dir='ltr'>inlinitum</span> <span class='ocrx_word' id='word_1_160' title='bbox 629 1847 659 1901; x_wconf 89' lang='lat' dir='ltr'>at</span> <span class='ocrx_word' id='word_1_161' title='bbox 681 1859 741 1902; x_wconf 93' lang='lat' dir='ltr'>non</span> <span class='ocrx_word' id='word_1_162' title='bbox 766 1843 905 1903; x_wconf 88' lang='lat' dir='ltr'>affectum</span> <span class='ocrx_word' id='word_1_163' title='bbox 930 1853 959 1904; x_wconf 89' lang='lat' dir='ltr'>at</span> <span class='ocrx_word' id='word_1_164' title='bbox 980 1848 1156 1908; x_wconf 86' lang='lat' dir='ltr'>interorina·</span> 
     </span>
    </p>
   </div>
   <div class='ocr_carea' id='block_1_3' title="bbox 43 1929 1242 2007">
    <p class='ocr_par' dir='ltr' id='par_1_3' title="bbox 43 1929 1242 2007">
     <span class='ocr_line' id='line_1_20' title="bbox 43 1929 1242 2007; baseline 0.001 -15"><span class='ocrx_word' id='word_1_165' title='bbox 43 1936 126 2007; x_wconf 65' lang='lat' dir='ltr'>¹litto,</span> <span class='ocrx_word' id='word_1_166' title='bbox 156 1935 303 2006; x_wconf 87' lang='lat' dir='ltr'>tanquam</span> <span class='ocrx_word' id='word_1_167' title='bbox 331 1929 440 2005; x_wconf 89' lang='lat' dir='ltr'>aliquis</span> <span class='ocrx_word' id='word_1_168' title='bbox 470 1931 594 1989; x_wconf 91' lang='lat' dir='ltr'>conscia</span> <span class='ocrx_word' id='word_1_169' title='bbox 623 1930 700 1989; x_wconf 91' lang='lat' dir='ltr'>ratio</span> <span class='ocrx_word' id='word_1_170' title='bbox 728 1945 828 1990; x_wconf 89' lang='lat' dir='ltr'>rerum</span> <span class='ocrx_word' id='word_1_171' title='bbox 853 1947 932 2004; x_wconf 88' lang='lat' dir='ltr'>quae</span> <span class='ocrx_word' id='word_1_172' title='bbox 955 1939 1026 1992; x_wconf 91' lang='lat' dir='ltr'>sunt</span> <span class='ocrx_word' id='word_1_173' title='bbox 1049 1950 1156 1994; x_wconf 86' lang='lat' dir='ltr'>essen·</span> <span class='ocrx_word' id='word_1_174' title='bbox 1238 1960 1242 1967; x_wconf 97' lang='lat'>·</span> 
     </span>
    </p>
   </div>
   <div class='ocr_carea' id='block_1_4' title="bbox 42 2016 1159 4338">
    <p class='ocr_par' dir='ltr' id='par_1_4' title="bbox 42 2016 1159 4338">
     <span class='ocr_line' id='line_1_21' title="bbox 46 2016 1158 2092; baseline 0.004 -15"><span class='ocrx_word' id='word_1_175' title='bbox 46 2018 105 2078; x_wconf 84' lang='lat' dir='ltr'>tias</span> <span class='ocrx_word' id='word_1_176' title='bbox 132 2017 309 2077; x_wconf 79' lang='lat' dir='ltr'>inhabitans</span> <span class='ocrx_word' id='word_1_177' title='bbox 339 2019 453 2076; x_wconf 91' lang='lat' dir='ltr'>moveri</span> <span class='ocrx_word' id='word_1_178' title='bbox 481 2017 603 2087; x_wconf 84' lang='lat' dir='ltr'>dicitur,</span> <span class='ocrx_word' id='word_1_179' title='bbox 639 2016 832 2089; x_wconf 90' lang='lat' dir='ltr'>providenter</span> <span class='ocrx_word' id='word_1_180' title='bbox 854 2032 959 2076; x_wconf 90' lang='lat' dir='ltr'>eorum</span> <span class='ocrx_word' id='word_1_181' title='bbox 983 2034 1062 2092; x_wconf 85' lang='lat' dir='ltr'>quae</span> <span class='ocrx_word' id='word_1_182' title='bbox 1085 2028 1158 2081; x_wconf 91' lang='lat' dir='ltr'>sunt</span> 
     </span>
     <span class='ocr_line' id='line_1_22' title="bbox 44 2102 1156 2176; baseline 0.001 -12"><span class='ocrx_word' id='word_1_183' title='bbox 44 2102 217 2164; x_wconf 81' lang='lat' dir='ltr'>secundino</span> <span class='ocrx_word' id='word_1_184' title='bbox 246 2119 334 2163; x_wconf 89' lang='lat' dir='ltr'>suam</span> <span class='ocrx_word' id='word_1_185' title='bbox 366 2104 605 2176; x_wconf 88' lang='lat' dir='ltr'>unumquodque</span> <span class='ocrx_word' id='word_1_186' title='bbox 635 2117 695 2175; x_wconf 87' lang='lat' dir='ltr'>qua</span> <span class='ocrx_word' id='word_1_187' title='bbox 724 2107 885 2162; x_wconf 90' lang='lat' dir='ltr'>moveatur</span> <span class='ocrx_word' id='word_1_188' title='bbox 913 2105 1061 2164; x_wconf 89' lang='lat' dir='ltr'>rationem</span> <span class='ocrx_word' id='word_1_189' title='bbox 1089 2123 1156 2165; x_wconf 88' lang='lat' dir='ltr'>mo-</span> 
     </span>
     <span class='ocr_line' id='line_1_23' title="bbox 47 2178 1155 2262; baseline 0.002 -13"><span class='ocrx_word' id='word_1_190' title='bbox 47 2189 160 2260; x_wconf 84' lang='lat' dir='ltr'>vendo,</span> <span class='ocrx_word' id='word_1_191' title='bbox 190 2194 235 2262; x_wconf 88' lang='lat' dir='ltr'>et,</span> <span class='ocrx_word' id='word_1_192' title='bbox 266 2196 301 2249; x_wconf 91' lang='lat' dir='ltr'>ul</span> <span class='ocrx_word' id='word_1_193' title='bbox 323 2178 433 2261; x_wconf 75' lang='lat' dir='ltr'>cau‘sa,</span> <span class='ocrx_word' id='word_1_194' title='bbox 470 2203 670 2262; x_wconf 85' lang='lat' dir='ltr'>quaecunque</span> <span class='ocrx_word' id='word_1_195' title='bbox 693 2188 731 2247; x_wconf 91' lang='lat' dir='ltr'>de</span> <span class='ocrx_word' id='word_1_196' title='bbox 761 2191 797 2248; x_wconf 93' lang='lat' dir='ltr'>iis</span> <span class='ocrx_word' id='word_1_197' title='bbox 825 2205 953 2262; x_wconf 85' lang='lat' dir='ltr'>quorum</span> <span class='ocrx_word' id='word_1_198' title='bbox 982 2197 1029 2250; x_wconf 92' lang='lat' dir='ltr'>est</span> <span class='ocrx_word' id='word_1_199' title='bbox 1059 2208 1155 2251; x_wconf 90' lang='lat' dir='ltr'>causa</span> 
     </span>
     <span class='ocr_line' id='line_1_24' title="bbox 45 2274 1155 2353; baseline 0 -16"><span class='ocrx_word' id='word_1_200' title='bbox 45 2276 275 2353; x_wconf 86' lang='lat' dir='ltr'>praedicantur,</span> <span class='ocrx_word' id='word_1_201' title='bbox 307 2276 374 2335; x_wconf 90' lang='lat' dir='ltr'>sine</span> <span class='ocrx_word' id='word_1_202' title='bbox 394 2275 504 2335; x_wconf 85' lang='lat' dir='ltr'>affectu</span> <span class='ocrx_word' id='word_1_203' title='bbox 526 2274 710 2349; x_wconf 88' lang='lat' dir='ltr'>recipiendo.</span> <span class='ocrx_word' id='word_1_204' title='bbox 768 2274 856 2348; x_wconf 82' lang='lat' dir='ltr'>Quod</span> <span class='ocrx_word' id='word_1_205' title='bbox 880 2276 1155 2338; x_wconf 86' lang='lat' dir='ltr'>commendandum</span> 
     </span>
     <span class='ocr_line' id='line_1_25' title="bbox 42 2360 1156 2438; baseline -0.002 -13"><span class='ocrx_word' id='word_1_206' title='bbox 42 2364 191 2438; x_wconf 81' lang='lat' dir='ltr'>suscipiet</span> <span class='ocrx_word' id='word_1_207' title='bbox 225 2362 281 2436; x_wconf 83' lang='lat' dir='ltr'>qui·</span> <span class='ocrx_word' id='word_1_208' title='bbox 315 2362 344 2420; x_wconf 93' lang='lat' dir='ltr'>ln</span> <span class='ocrx_word' id='word_1_209' title='bbox 385 2361 433 2420; x_wconf 93' lang='lat' dir='ltr'>his</span> <span class='ocrx_word' id='word_1_210' title='bbox 469 2361 653 2436; x_wconf 83' lang='lat' dir='ltr'>qrraerendis</span> <span class='ocrx_word' id='word_1_211' title='bbox 682 2360 814 2421; x_wconf 89' lang='lat' dir='ltr'>studium</span> <span class='ocrx_word' id='word_1_212' title='bbox 845 2364 946 2437; x_wconf 91' lang='lat' dir='ltr'>posuit</span> <span class='ocrx_word' id='word_1_213' title='bbox 975 2365 1096 2423; x_wconf 79' lang='lat' dir='ltr'>(livinus</span> <span class='ocrx_word' id='word_1_214' title='bbox 1126 2369 1156 2423; x_wconf 85' lang='lat' dir='ltr'>el</span> 
     </span>
     <span class='ocr_line' id='line_1_26' title="bbox 45 2447 1154 2527; baseline -0.001 -18"><span class='ocrx_word' id='word_1_215' title='bbox 45 2465 178 2527; x_wconf 83' lang='lat' dir='ltr'>magnus</span> <span class='ocrx_word' id='word_1_216' title='bbox 204 2455 292 2508; x_wconf 90' lang='lat' dir='ltr'>vates</span> <span class='ocrx_word' id='word_1_217' title='bbox 323 2454 451 2508; x_wconf 90' lang='lat' dir='ltr'>sauctus</span> <span class='ocrx_word' id='word_1_218' title='bbox 475 2447 640 2527; x_wconf 74' lang='lat' dir='ltr'>Dionysius</span> <span class='ocrx_word' id='word_1_219' title='bbox 663 2449 863 2523; x_wconf 86' lang='lat' dir='ltr'>Areopagila,</span> <span class='ocrx_word' id='word_1_220' title='bbox 894 2450 945 2507; x_wconf 90' lang='lat' dir='ltr'>ubi</span> <span class='ocrx_word' id='word_1_221' title='bbox 968 2451 1024 2522; x_wconf 88' lang='lat' dir='ltr'>ait,</span> <span class='ocrx_word' id='word_1_222' title='bbox 1061 2449 1154 2523; x_wconf 80' lang='lat' dir='ltr'>,Quid</span> 
     </span>
     <span class='ocr_line' id='line_1_27' title="bbox 44 2534 1156 2612; baseline -0.003 -13"><span class='ocrx_word' id='word_1_223' title='bbox 44 2536 167 2599; x_wconf 68' lang='lat' dir='ltr'>modern</span> <span class='ocrx_word' id='word_1_224' title='bbox 190 2534 326 2612; x_wconf 85' lang='lat' dir='ltr'>theologi</span> <span class='ocrx_word' id='word_1_225' title='bbox 349 2535 521 2612; x_wconf 79' lang='lat' dir='ltr'>siguificare</span> <span class='ocrx_word' id='word_1_226' title='bbox 543 2535 663 2607; x_wconf 91' lang='lat' dir='ltr'>volunt,</span> <span class='ocrx_word' id='word_1_227' title='bbox 689 2550 756 2592; x_wconf 87' lang='lat' dir='ltr'>curn</span> <span class='ocrx_word' id='word_1_228' title='bbox 781 2534 915 2593; x_wconf 88' lang='lat' dir='ltr'>divinum</span> <span class='ocrx_word' id='word_1_229' title='bbox 938 2551 1052 2595; x_wconf 91' lang='lat' dir='ltr'>numen</span> <span class='ocrx_word' id='word_1_230' title='bbox 1075 2553 1156 2596; x_wconf 89' lang='lat' dir='ltr'>nunc</span> 
     </span>
     <span class='ocr_line' id='line_1_28' title="bbox 44 2618 1156 2698; baseline -0.004 -13"><span class='ocrx_word' id='word_1_231' title='bbox 44 2638 196 2698; x_wconf 83' lang='lat' dir='ltr'>amorem,</span> <span class='ocrx_word' id='word_1_232' title='bbox 227 2638 308 2682; x_wconf 92' lang='lat' dir='ltr'>nunc</span> <span class='ocrx_word' id='word_1_233' title='bbox 337 2624 509 2698; x_wconf 89' lang='lat' dir='ltr'>caritatem,</span> <span class='ocrx_word' id='word_1_234' title='bbox 543 2637 625 2679; x_wconf 89' lang='lat' dir='ltr'>nunc</span> <span class='ocrx_word' id='word_1_235' title='bbox 653 2618 785 2678; x_wconf 89' lang='lat' dir='ltr'>amabile</span> <span class='ocrx_word' id='word_1_236' title='bbox 814 2625 844 2680; x_wconf 89' lang='lat' dir='ltr'>et</span> <span class='ocrx_word' id='word_1_237' title='bbox 871 2637 975 2681; x_wconf 89' lang='lat' dir='ltr'>carum</span> <span class='ocrx_word' id='word_1_238' title='bbox 1007 2621 1156 2682; x_wconf 78' lang='lat' dir='ltr'>vocanti‘</span> 
     </span>
     <span class='ocr_line' id='line_1_29' title="bbox 45 2704 1156 2783; baseline 0 -14"><span class='ocrx_word' id='word_1_239' title='bbox 45 2707 262 2782; x_wconf 82' lang='lat' dir='ltr'>Quaestionem</span> <span class='ocrx_word' id='word_1_240' title='bbox 295 2708 426 2768; x_wconf 89' lang='lat' dir='ltr'>absolvit</span> <span class='ocrx_word' id='word_1_241' title='bbox 458 2707 507 2766; x_wconf 93' lang='lat' dir='ltr'>his</span> <span class='ocrx_word' id='word_1_242' title='bbox 538 2707 656 2766; x_wconf 86' lang='lat' dir='ltr'>verbis:</span> <span class='ocrx_word' id='word_1_243' title='bbox 697 2704 800 2778; x_wconf 82' lang='lat' dir='ltr'>‚Quod</span> <span class='ocrx_word' id='word_1_244' title='bbox 830 2707 880 2766; x_wconf 90' lang='lat' dir='ltr'>hic</span> <span class='ocrx_word' id='word_1_245' title='bbox 908 2714 1061 2783; x_wconf 86' lang='lat' dir='ltr'>movetur,</span> <span class='ocrx_word' id='word_1_246' title='bbox 1096 2708 1156 2769; x_wconf 92' lang='lat' dir='ltr'>illic</span> 
     </span>
     <span class='ocr_line' id='line_1_30' title="bbox 44 2792 1157 2870; baseline 0.001 -15"><span class='ocrx_word' id='word_1_247' title='bbox 44 2798 181 2869; x_wconf 79' lang='lat' dir='ltr'>movel‘3</span> <span class='ocrx_word' id='word_1_248' title='bbox 210 2800 303 2870; x_wconf 88' lang='lat' dir='ltr'>atque</span> <span class='ocrx_word' id='word_1_249' title='bbox 325 2801 359 2854; x_wconf 92' lang='lat' dir='ltr'>ut</span> <span class='ocrx_word' id='word_1_250' title='bbox 380 2794 568 2855; x_wconf 51' lang='lat' dir='ltr'>luculentius¹</span> <span class='ocrx_word' id='word_1_251' title='bbox 588 2793 704 2852; x_wconf 88' lang='lat' dir='ltr'>dicam:</span> <span class='ocrx_word' id='word_1_252' title='bbox 738 2792 826 2853; x_wconf 88' lang='lat' dir='ltr'>Nunc</span> <span class='ocrx_word' id='word_1_253' title='bbox 849 2810 934 2855; x_wconf 91' lang='lat' dir='ltr'>amor</span> <span class='ocrx_word' id='word_1_254' title='bbox 953 2797 1088 2855; x_wconf 87' lang='lat' dir='ltr'>divinum</span> <span class='ocrx_word' id='word_1_255' title='bbox 1110 2800 1157 2856; x_wconf 92' lang='lat' dir='ltr'>est</span> 
     </span>
     <span class='ocr_line' id='line_1_31' title="bbox 45 2879 1156 2957; baseline 0 -14"><span class='ocrx_word' id='word_1_256' title='bbox 45 2887 139 2957; x_wconf 84' lang='lat' dir='ltr'>alque</span> <span class='ocrx_word' id='word_1_257' title='bbox 160 2881 273 2942; x_wconf 90' lang='lat' dir='ltr'>caritas</span> <span class='ocrx_word' id='word_1_258' title='bbox 295 2886 325 2940; x_wconf 87' lang='lat' dir='ltr'>ct</span> <span class='ocrx_word' id='word_1_259' title='bbox 347 2886 500 2951; x_wconf 86' lang='lat' dir='ltr'>movetur,</span> <span class='ocrx_word' id='word_1_260' title='bbox 533 2894 613 2939; x_wconf 90' lang='lat' dir='ltr'>nunc</span> <span class='ocrx_word' id='word_1_261' title='bbox 636 2879 767 2939; x_wconf 88' lang='lat' dir='ltr'>amabile</span> <span class='ocrx_word' id='word_1_262' title='bbox 789 2885 837 2938; x_wconf 93' lang='lat' dir='ltr'>est</span> <span class='ocrx_word' id='word_1_263' title='bbox 859 2886 889 2940; x_wconf 93' lang='lat' dir='ltr'>et</span> <span class='ocrx_word' id='word_1_264' title='bbox 911 2898 1015 2942; x_wconf 89' lang='lat' dir='ltr'>carum</span> <span class='ocrx_word' id='word_1_265' title='bbox 1039 2888 1069 2942; x_wconf 91' lang='lat' dir='ltr'>et</span> <span class='ocrx_word' id='word_1_266' title='bbox 1092 2900 1156 2942; x_wconf 92' lang='lat' dir='ltr'>rno-</span> 
     </span>
     <span class='ocr_line' id='line_1_32' title="bbox 45 2966 1158 3046; baseline 0.001 -19"><span class='ocrx_word' id='word_1_267' title='bbox 45 2974 95 3030; x_wconf 83' lang='lat' dir='ltr'>ret</span> <span class='ocrx_word' id='word_1_268' title='bbox 123 2966 163 3029; x_wconf 86' lang='lat' dir='ltr'>ad</span> <span class='ocrx_word' id='word_1_269' title='bbox 193 2982 227 3026; x_wconf 90' lang='lat' dir='ltr'>se</span> <span class='ocrx_word' id='word_1_270' title='bbox 256 2982 457 3043; x_wconf 87' lang='lat' dir='ltr'>quaecunque</span> <span class='ocrx_word' id='word_1_271' title='bbox 487 2981 622 3026; x_wconf 88' lang='lat' dir='ltr'>amorem</span> <span class='ocrx_word' id='word_1_272' title='bbox 655 2971 746 3037; x_wconf 87' lang='lat' dir='ltr'>atque</span> <span class='ocrx_word' id='word_1_273' title='bbox 776 2967 933 3027; x_wconf 87' lang='lat' dir='ltr'>caritatem</span> <span class='ocrx_word' id='word_1_274' title='bbox 956 2970 1095 3046; x_wconf 89' lang='lat' dir='ltr'>capiunt;</span> <span class='ocrx_word' id='word_1_275' title='bbox 1127 2973 1158 3030; x_wconf 90' lang='lat' dir='ltr'>et</span> 
     </span>
     <span class='ocr_line' id='line_1_33' title="bbox 45 3049 1157 3130; baseline -0.003 -13"><span class='ocrx_word' id='word_1_276' title='bbox 45 3060 78 3117; x_wconf 86' lang='lat' dir='ltr'>nt</span> <span class='ocrx_word' id='word_1_277' title='bbox 104 3069 215 3115; x_wconf 83' lang='lat' dir='ltr'>rursus</span> <span class='ocrx_word' id='word_1_278' title='bbox 244 3055 381 3130; x_wconf 89' lang='lat' dir='ltr'>apertius</span> <span class='ocrx_word' id='word_1_279' title='bbox 409 3054 524 3113; x_wconf 87' lang='lat' dir='ltr'>dicam:</span> <span class='ocrx_word' id='word_1_280' title='bbox 564 3051 702 3112; x_wconf 82' lang='lat' dir='ltr'>Moretur</span> <span class='ocrx_word' id='word_1_281' title='bbox 732 3049 803 3112; x_wconf 89' lang='lat' dir='ltr'>dum</span> <span class='ocrx_word' id='word_1_282' title='bbox 827 3050 967 3113; x_wconf 81' lang='lat' dir='ltr'>allectum</span> <span class='ocrx_word' id='word_1_283' title='bbox 991 3056 1103 3114; x_wconf 85' lang='lat' dir='ltr'>arnonis</span> <span class='ocrx_word' id='word_1_284' title='bbox 1127 3059 1157 3114; x_wconf 89' lang='lat' dir='ltr'>et</span> 
     </span>
     <span class='ocr_line' id='line_1_34' title="bbox 45 3139 1156 3214; baseline -0.001 -13"><span class='ocrx_word' id='word_1_285' title='bbox 45 3141 180 3203; x_wconf 85' lang='lat' dir='ltr'>caritatis</span> <span class='ocrx_word' id='word_1_286' title='bbox 208 3140 316 3200; x_wconf 89' lang='lat' dir='ltr'>inserit</span> <span class='ocrx_word' id='word_1_287' title='bbox 342 3141 388 3200; x_wconf 88' lang='lat' dir='ltr'>eis</span> <span class='ocrx_word' id='word_1_288' title='bbox 418 3154 497 3214; x_wconf 89' lang='lat' dir='ltr'>quae</span> <span class='ocrx_word' id='word_1_289' title='bbox 526 3139 633 3198; x_wconf 92' lang='lat' dir='ltr'>horum</span> <span class='ocrx_word' id='word_1_290' title='bbox 658 3139 783 3212; x_wconf 86' lang='lat' dir='ltr'>capacia</span> <span class='ocrx_word' id='word_1_291' title='bbox 807 3144 894 3214; x_wconf 89' lang='lat' dir='ltr'>sunt,</span> <span class='ocrx_word' id='word_1_292' title='bbox 927 3146 1028 3199; x_wconf 91' lang='lat' dir='ltr'>movet</span> <span class='ocrx_word' id='word_1_293' title='bbox 1050 3146 1156 3200; x_wconf 89' lang='lat' dir='ltr'>contra</span> 
     </span>
     <span class='ocr_line' id='line_1_35' title="bbox 45 3223 1157 3300; baseline -0.003 -13"><span class='ocrx_word' id='word_1_294' title='bbox 45 3226 116 3289; x_wconf 83' lang='lat' dir='ltr'>(lum</span> <span class='ocrx_word' id='word_1_295' title='bbox 140 3231 250 3287; x_wconf 88' lang='lat' dir='ltr'>natura</span> <span class='ocrx_word' id='word_1_296' title='bbox 272 3225 397 3287; x_wconf 89' lang='lat' dir='ltr'>attrahit</span> <span class='ocrx_word' id='word_1_297' title='bbox 419 3241 523 3287; x_wconf 87' lang='lat' dir='ltr'>corum</span> <span class='ocrx_word' id='word_1_298' title='bbox 547 3240 627 3299; x_wconf 89' lang='lat' dir='ltr'>quae</span> <span class='ocrx_word' id='word_1_299' title='bbox 648 3223 687 3282; x_wconf 87' lang='lat' dir='ltr'>ad</span> <span class='ocrx_word' id='word_1_300' title='bbox 712 3230 949 3286; x_wconf 90' lang='lat' dir='ltr'>semoveantur</span> <span class='ocrx_word' id='word_1_301' title='bbox 978 3227 1157 3300; x_wconf 84' lang='lat' dir='ltr'>appetitum3</span> 
     </span>
     <span class='ocr_line' id='line_1_36' title="bbox 44 3310 1156 3386; baseline -0.005 -10"><span class='ocrx_word' id='word_1_302' title='bbox 44 3319 75 3376; x_wconf 86' lang='lat' dir='ltr'>at</span> <span class='ocrx_word' id='word_1_303' title='bbox 102 3328 228 3375; x_wconf 84' lang='lat' dir='ltr'>rursus:</span> <span class='ocrx_word' id='word_1_304' title='bbox 261 3310 363 3372; x_wconf 85' lang='lat' dir='ltr'>blovet</span> <span class='ocrx_word' id='word_1_305' title='bbox 392 3317 422 3372; x_wconf 89' lang='lat' dir='ltr'>et</span> <span class='ocrx_word' id='word_1_306' title='bbox 451 3317 588 3372; x_wconf 88' lang='lat' dir='ltr'>movetur</span> <span class='ocrx_word' id='word_1_307' title='bbox 618 3311 706 3386; x_wconf 82' lang='lat' dir='ltr'>quasi</span> <span class='ocrx_word' id='word_1_308' title='bbox 737 3313 843 3371; x_wconf 88' lang='lat' dir='ltr'>sitiens</span> <span class='ocrx_word' id='word_1_309' title='bbox 873 3314 963 3386; x_wconf 90' lang='lat' dir='ltr'>sitiri,</span> <span class='ocrx_word' id='word_1_310' title='bbox 995 3318 1025 3372; x_wconf 92' lang='lat' dir='ltr'>ct</span> <span class='ocrx_word' id='word_1_311' title='bbox 1047 3327 1156 3372; x_wconf 88' lang='lat' dir='ltr'>amans</span> 
     </span>
     <span class='ocr_line' id='line_1_37' title="bbox 43 3395 1158 3476; baseline -0.003 -15"><span class='ocrx_word' id='word_1_312' title='bbox 43 3400 156 3474; x_wconf 76' lang='lat' dir='ltr'>amam,</span> <span class='ocrx_word' id='word_1_313' title='bbox 186 3403 218 3459; x_wconf 92' lang='lat' dir='ltr'>et</span> <span class='ocrx_word' id='word_1_314' title='bbox 245 3395 377 3476; x_wconf 87' lang='lat' dir='ltr'>diligens</span> <span class='ocrx_word' id='word_1_315' title='bbox 407 3398 498 3476; x_wconf 88' lang='lat' dir='ltr'>diligi.</span> <span class='ocrx_word' id='word_1_316' title='bbox 556 3396 622 3470; x_wconf 82' lang='lat' dir='ltr'>Qua</span> <span class='ocrx_word' id='word_1_317' title='bbox 652 3399 804 3458; x_wconf 90' lang='lat' dir='ltr'>sententia</span> <span class='ocrx_word' id='word_1_318' title='bbox 827 3399 915 3460; x_wconf 80' lang='lat' dir='ltr'>etiem</span> <span class='ocrx_word' id='word_1_319' title='bbox 938 3400 1060 3459; x_wconf 87' lang='lat' dir='ltr'>divinus</span> <span class='ocrx_word' id='word_1_320' title='bbox 1085 3397 1158 3459; x_wconf 91' lang='lat' dir='ltr'>Gre-</span> 
     </span>
     <span class='ocr_line' id='line_1_38' title="bbox 45 3484 1157 3566; baseline -0.003 -19"><span class='ocrx_word' id='word_1_321' title='bbox 45 3488 152 3566; x_wconf 84' lang='lat' dir='ltr'>gorius</span> <span class='ocrx_word' id='word_1_322' title='bbox 179 3484 270 3557; x_wconf 87' lang='lat' dir='ltr'>dixit,</span> <span class='ocrx_word' id='word_1_323' title='bbox 314 3485 432 3558; x_wconf 89' lang='lat' dir='ltr'>,Unitas</span> <span class='ocrx_word' id='word_1_324' title='bbox 461 3485 606 3560; x_wconf 92' lang='lat' dir='ltr'>principio</span> <span class='ocrx_word' id='word_1_325' title='bbox 636 3485 666 3543; x_wconf 92' lang='lat' dir='ltr'>in</span> <span class='ocrx_word' id='word_1_326' title='bbox 691 3485 840 3545; x_wconf 91' lang='lat' dir='ltr'>binarium</span> <span class='ocrx_word' id='word_1_327' title='bbox 864 3492 945 3546; x_wconf 86' lang='lat' dir='ltr'>mota</span> <span class='ocrx_word' id='word_1_328' title='bbox 968 3488 998 3545; x_wconf 92' lang='lat' dir='ltr'>in</span> <span class='ocrx_word' id='word_1_329' title='bbox 1026 3486 1157 3545; x_wconf 87' lang='lat' dir='ltr'>trinitate</span> 
     </span>
     <span class='ocr_line' id='line_1_39' title="bbox 44 3570 1159 3648; baseline -0.006 -13"><span class='ocrx_word' id='word_1_330' title='bbox 44 3572 203 3635; x_wconf 62' lang='lat' dir='ltr'>construat</span> <span class='ocrx_word' id='word_1_331' title='bbox 247 3570 383 3631; x_wconf 82' lang='lat' dir='ltr'>Moretur</span> <span class='ocrx_word' id='word_1_332' title='bbox 411 3571 542 3629; x_wconf 90' lang='lat' dir='ltr'>enimin</span> <span class='ocrx_word' id='word_1_333' title='bbox 566 3576 669 3631; x_wconf 89' lang='lat' dir='ltr'>mente</span> <span class='ocrx_word' id='word_1_334' title='bbox 691 3571 788 3645; x_wconf 91' lang='lat' dir='ltr'>ipsius</span> <span class='ocrx_word' id='word_1_335' title='bbox 812 3588 942 3647; x_wconf 82' lang='lat' dir='ltr'>capace,</span> <span class='ocrx_word' id='word_1_336' title='bbox 973 3573 1039 3632; x_wconf 91' lang='lat' dir='ltr'>sive</span> <span class='ocrx_word' id='word_1_337' title='bbox 1063 3586 1159 3648; x_wconf 84' lang='lat' dir='ltr'>unge·</span> 
     </span>
     <span class='ocr_line' id='line_1_40' title="bbox 44 3658 1156 3734; baseline -0.004 -14"><span class='ocrx_word' id='word_1_338' title='bbox 44 3659 123 3731; x_wconf 90' lang='lat' dir='ltr'>llca,</span> <span class='ocrx_word' id='word_1_339' title='bbox 157 3660 223 3718; x_wconf 87' lang='lat' dir='ltr'>sive</span> <span class='ocrx_word' id='word_1_340' title='bbox 251 3658 405 3728; x_wconf 86' lang='lat' dir='ltr'>humana,</span> <span class='ocrx_word' id='word_1_341' title='bbox 436 3673 489 3732; x_wconf 91' lang='lat' dir='ltr'>per</span> <span class='ocrx_word' id='word_1_342' title='bbox 509 3659 608 3733; x_wconf 91' lang='lat' dir='ltr'>ipsam</span> <span class='ocrx_word' id='word_1_343' title='bbox 631 3661 661 3716; x_wconf 86' lang='lat' dir='ltr'>et</span> <span class='ocrx_word' id='word_1_344' title='bbox 684 3658 714 3716; x_wconf 93' lang='lat' dir='ltr'>iu</span> <span class='ocrx_word' id='word_1_345' title='bbox 736 3659 805 3732; x_wconf 88' lang='lat' dir='ltr'>ipsa</span> <span class='ocrx_word' id='word_1_346' title='bbox 827 3658 866 3717; x_wconf 84' lang='lat' dir='ltr'>de</span> <span class='ocrx_word' id='word_1_347' title='bbox 887 3661 955 3734; x_wconf 90' lang='lat' dir='ltr'>ipsa</span> <span class='ocrx_word' id='word_1_348' title='bbox 977 3659 1156 3732; x_wconf 84' lang='lat' dir='ltr'>inquirente,</span> 
     </span>
     <span class='ocr_line' id='line_1_41' title="bbox 44 3743 1159 3819; baseline -0.007 -11"><span class='ocrx_word' id='word_1_349' title='bbox 44 3753 76 3808; x_wconf 84' lang='lat' dir='ltr'>ut</span> <span class='ocrx_word' id='word_1_350' title='bbox 102 3750 138 3806; x_wconf 87' lang='lat' dir='ltr'>ut</span> <span class='ocrx_word' id='word_1_351' title='bbox 168 3744 360 3805; x_wconf 81' lang='lat' dir='ltr'>manifestius</span> <span class='ocrx_word' id='word_1_352' title='bbox 390 3743 503 3816; x_wconf 89' lang='lat' dir='ltr'>dicam,</span> <span class='ocrx_word' id='word_1_353' title='bbox 538 3745 660 3803; x_wconf 90' lang='lat' dir='ltr'>iustruit</span> <span class='ocrx_word' id='word_1_354' title='bbox 689 3758 758 3801; x_wconf 90' lang='lat' dir='ltr'>eam</span> <span class='ocrx_word' id='word_1_355' title='bbox 779 3744 910 3804; x_wconf 89' lang='lat' dir='ltr'>indivise</span> <span class='ocrx_word' id='word_1_356' title='bbox 932 3744 962 3802; x_wconf 91' lang='lat' dir='ltr'>in</span> <span class='ocrx_word' id='word_1_357' title='bbox 985 3745 1080 3819; x_wconf 90' lang='lat' dir='ltr'>primo</span> <span class='ocrx_word' id='word_1_358' title='bbox 1102 3743 1159 3801; x_wconf 91' lang='lat' dir='ltr'>im-</span> 
     </span>
     <span class='ocr_line' id='line_1_42' title="bbox 44 3829 1159 3909; baseline -0.004 -16"><span class='ocrx_word' id='word_1_359' title='bbox 44 3837 117 3909; x_wconf 88' lang='lat' dir='ltr'>petu</span> <span class='ocrx_word' id='word_1_360' title='bbox 147 3830 187 3891; x_wconf 87' lang='lat' dir='ltr'>de</span> <span class='ocrx_word' id='word_1_361' title='bbox 215 3831 342 3892; x_wconf 90' lang='lat' dir='ltr'>unitatis</span> <span class='ocrx_word' id='word_1_362' title='bbox 366 3831 500 3903; x_wconf 86' lang='lat' dir='ltr'>ratione,</span> <span class='ocrx_word' id='word_1_363' title='bbox 534 3846 573 3889; x_wconf 91' lang='lat' dir='ltr'>ne</span> <span class='ocrx_word' id='word_1_364' title='bbox 597 3831 752 3904; x_wconf 89' lang='lat' dir='ltr'>separatio</span> <span class='ocrx_word' id='word_1_365' title='bbox 774 3831 889 3904; x_wconf 85' lang='lat' dir='ltr'>primae</span> <span class='ocrx_word' id='word_1_366' title='bbox 912 3846 1025 3889; x_wconf 88' lang='lat' dir='ltr'>causae</span> <span class='ocrx_word' id='word_1_367' title='bbox 1048 3829 1159 3889; x_wconf 85' lang='lat' dir='ltr'>iniera-</span> 
     </span>
     <span class='ocr_line' id='line_1_43' title="bbox 43 3914 1159 3993; baseline -0.006 -12"><span class='ocrx_word' id='word_1_368' title='bbox 43 3923 108 3981; x_wconf 87' lang='lat' dir='ltr'>lur:</span> <span class='ocrx_word' id='word_1_369' title='bbox 144 3916 272 3993; x_wconf 88' lang='lat' dir='ltr'>impellit</span> <span class='ocrx_word' id='word_1_370' title='bbox 299 3933 371 3977; x_wconf 89' lang='lat' dir='ltr'>vero</span> <span class='ocrx_word' id='word_1_371' title='bbox 401 3933 467 3976; x_wconf 86' lang='lat' dir='ltr'>earo</span> <span class='ocrx_word' id='word_1_372' title='bbox 498 3916 536 3974; x_wconf 92' lang='lat' dir='ltr'>ad</span> <span class='ocrx_word' id='word_1_373' title='bbox 566 3914 771 3990; x_wconf 87' lang='lat' dir='ltr'>recipiendam</span> <span class='ocrx_word' id='word_1_374' title='bbox 796 3914 885 3976; x_wconf 87' lang='lat' dir='ltr'>etiam</span> <span class='ocrx_word' id='word_1_375' title='bbox 910 3916 1044 3974; x_wconf 90' lang='lat' dir='ltr'>divinam</span> <span class='ocrx_word' id='word_1_376' title='bbox 1067 3921 1159 3989; x_wconf 88' lang='lat' dir='ltr'>atque</span> 
     </span>
     <span class='ocr_line' id='line_1_44' title="bbox 44 4001 1159 4077; baseline -0.004 -13"><span class='ocrx_word' id='word_1_377' title='bbox 44 4003 280 4065; x_wconf 87' lang='lat' dir='ltr'>inenarrabilem</span> <span class='ocrx_word' id='word_1_378' title='bbox 312 4002 545 4071; x_wconf 83' lang='lat' dir='ltr'>fecunditatem,</span> <span class='ocrx_word' id='word_1_379' title='bbox 574 4002 702 4076; x_wconf 85' lang='lat' dir='ltr'>roystice</span> <span class='ocrx_word' id='word_1_380' title='bbox 724 4006 756 4060; x_wconf 88' lang='lat' dir='ltr'>et</span> <span class='ocrx_word' id='word_1_381' title='bbox 777 4002 895 4063; x_wconf 87' lang='lat' dir='ltr'>occulte</span> <span class='ocrx_word' id='word_1_382' title='bbox 918 4003 944 4060; x_wconf 93' lang='lat' dir='ltr'>ei</span> <span class='ocrx_word' id='word_1_383' title='bbox 967 4001 1159 4077; x_wconf 86' lang='lat' dir='ltr'>persuadens</span> 
     </span>
     <span class='ocr_line' id='line_1_45' title="bbox 43 4088 1159 4161; baseline -0.004 -10"><span class='ocrx_word' id='word_1_384' title='bbox 43 4089 242 4153; x_wconf 77' lang='lat' dir='ltr'>infecundum</span> <span class='ocrx_word' id='word_1_385' title='bbox 276 4089 462 4150; x_wconf 89' lang='lat' dir='ltr'>censendum</span> <span class='ocrx_word' id='word_1_386' title='bbox 493 4103 648 4161; x_wconf 85' lang='lat' dir='ltr'>nunquam</span> <span class='ocrx_word' id='word_1_387' title='bbox 679 4088 838 4148; x_wconf 87' lang='lat' dir='ltr'>essehoc</span> <span class='ocrx_word' id='word_1_388' title='bbox 866 4089 978 4148; x_wconf 90' lang='lat' dir='ltr'>bonum</span> <span class='ocrx_word' id='word_1_389' title='bbox 1009 4089 1159 4146; x_wconf 90' lang='lat' dir='ltr'>sermonis</span> 
     </span>
     <span class='ocr_line' id='line_1_46' title="bbox 44 4174 1159 4253; baseline -0.004 -15"><span class='ocrx_word' id='word_1_390' title='bbox 44 4182 77 4239; x_wconf 85' lang='lat' dir='ltr'>at</span> <span class='ocrx_word' id='word_1_391' title='bbox 105 4177 292 4253; x_wconf 88' lang='lat' dir='ltr'>sapientiae,</span> <span class='ocrx_word' id='word_1_392' title='bbox 329 4178 395 4236; x_wconf 93' lang='lat' dir='ltr'>sive</span> <span class='ocrx_word' id='word_1_393' title='bbox 421 4175 581 4250; x_wconf 89' lang='lat' dir='ltr'>potestatis</span> <span class='ocrx_word' id='word_1_394' title='bbox 610 4175 879 4248; x_wconf 86' lang='lat' dir='ltr'>sanctificatoriae,</span> <span class='ocrx_word' id='word_1_395' title='bbox 912 4174 1159 4234; x_wconf 78' lang='lat' dir='ltr'>coessentialem</span> 
     </span>
     <span class='ocr_line' id='line_1_47' title="bbox 44 4252 1159 4338; baseline -0.007 -13"><span class='ocrx_word' id='word_1_396' title='bbox 44 4267 77 4325; x_wconf 80' lang='lat' dir='ltr'>st</span> <span class='ocrx_word' id='word_1_397' title='bbox 97 4263 329 4324; x_wconf 80' lang='lat' dir='ltr'>subsistentiam</span> <span class='ocrx_word' id='word_1_398' title='bbox 358 4262 553 4329; x_wconf 90' lang='lat' dir='ltr'>habentium,</span> <span class='ocrx_word' id='word_1_399' title='bbox 591 4275 629 4319; x_wconf 93' lang='lat' dir='ltr'>ne</span> <span class='ocrx_word' id='word_1_400' title='bbox 659 4277 697 4319; x_wconf 91' lang='lat' dir='ltr'>ex</span> <span class='ocrx_word' id='word_1_401' title='bbox 726 4260 774 4320; x_wconf 92' lang='lat' dir='ltr'>his</span> <span class='ocrx_word' id='word_1_402' title='bbox 803 4267 950 4337; x_wconf 90' lang='lat' dir='ltr'>tanquam</span> <span class='ocrx_word' id='word_1_403' title='bbox 980 4252 1159 4338; x_wconf 78' lang='lat' dir='ltr'>congressis</span> 
     </span>
    </p>
   </div>
   <div class='ocr_carea' id='block_1_5' title="bbox 44 4348 1160 4495">
    <p class='ocr_par' dir='ltr' id='par_1_5' title="bbox 44 4348 1160 4495">
     <span class='ocr_line' id='line_1_48' title="bbox 44 4348 1160 4427; baseline -0.011 -14"><span class='ocrx_word' id='word_1_404' title='bbox 44 4352 248 4427; x_wconf 84' lang='lat' dir='ltr'>compositum</span> <span class='ocrx_word' id='word_1_405' title='bbox 287 4365 358 4409; x_wconf 89' lang='lat' dir='ltr'>esse</span> <span class='ocrx_word' id='word_1_406' title='bbox 396 4348 530 4407; x_wconf 84' lang='lat' dir='ltr'>divinum</span> <span class='ocrx_word' id='word_1_407' title='bbox 569 4362 680 4407; x_wconf 90' lang='lat' dir='ltr'>numen</span> <span class='ocrx_word' id='word_1_408' title='bbox 714 4354 851 4424; x_wconf 88' lang='lat' dir='ltr'>putetur,</span> <span class='ocrx_word' id='word_1_409' title='bbox 888 4353 918 4408; x_wconf 91' lang='lat' dir='ltr'>et</span> <span class='ocrx_word' id='word_1_410' title='bbox 948 4364 1009 4409; x_wconf 91' lang='lat' dir='ltr'>non</span> <span class='ocrx_word' id='word_1_411' title='bbox 1039 4359 1160 4421; x_wconf 91' lang='lat' dir='ltr'>semper</span> 
     </span>
     <span class='ocr_line' id='line_1_49' title="bbox 914 4434 955 4495; baseline -0.024 0"><span class='ocrx_word' id='word_1_412' title='bbox 914 4434 955 4495; x_wconf 81' lang='lat' dir='ltr'>lu</span> 
     </span>
    </p>
   </div>
   <div class='ocr_carea' id='block_1_6' title="bbox 0 0 1389 4784">
    <p class='ocr_par' dir='ltr' id='par_1_6' title="bbox 0 0 1389 4784">
     <span class='ocr_line' id='line_1_50' title="bbox 0 0 1389 4784; baseline 0 0"><span class='ocrx_word' id='word_1_413' title='bbox 0 0 1389 4784; x_wconf 95' lang='lat' dir='ltr'> </span> 
     </span>
    </p>
   </div>
  </div>
 </body>
</html>
