2768 4784
1151 180 1224 263 1⁰¹1

124 370 216 443 mita,
252 368 325 431 cuin
357 375 577 447 congruentem
605 369 740 429 universi
769 373 922 431 texturam
948 367 1063 429 babeat
1092 368 1132 430 ad
1159 369 1226 431 libri

125 461 228 531 nstar,
271 459 324 531 qui
353 456 472 518 litteras
500 457 629 532 primum
658 461 689 516 et
717 454 851 532 syllabas
881 454 989 527 babet,
1024 470 1104 529 quae
1129 457 1227 531 prima

124 542 203 603 robis
232 542 386 605 elementa
413 546 503 616 sunt,
534 542 672 618 proxima
700 547 792 616 atque
821 540 1030 618 particularia,
1064 548 1096 601 et
1123 541 1238 603 multis.

124 627 315 703 pualitatibus
344 644 400 706 per
428 628 696 707 congregationem
722 631 937 704 coagmentata
958 642 1103 703 corpora,
1134 626 1227 689 rerba

124 713 245 789 deinde„
286 706 337 777 bis
369 713 586 793 generaliora,¹
620 729 700 789 quae
734 715 833 792 magis
856 713 982 772 -distant
1010 720 1041 774 et
1069 713 1227 776 subtiliora

124 805 206 875 sunt,
242 801 328 863 unde
357 802 512 878 sapienter
525 848 528 853 .
541 800 718 861 describens
746 806 776 860 et
803 797 992 859 ineffabiliter
1017 800 1061 859 eis
1083 800 1228 875 inscripta

124 887 191 949 ratio
213 886 266 947 vel
287 904 391 949 serrno
413 886 543 965 legendo
566 891 813 960 consummatur,
851 884 933 960 quod
955 885 1147 947 solummodo
1169 890 1225 959 est,

124 988 178 1033 nou
201 989 283 1039 ..vern
312 973 387 1049 quid
408 972 533 1034 tandem
557 974 597 1032 sit
620 977 776 1047 utcunque
798 970 991 1049 significans,
1023 976 1053 1031 et
1074 988 1127 1047 per
1146 972 1227 1048 piam

124 1059 272 1121 variarum
300 1061 469 1139 imaginum
495 1058 701 1119 collectionem
725 1059 755 1117 in
778 1073 872 1119 unam
885 1058 959 1116 ¹veri
980 1057 1226 1119 deliberationem

123 1144 333 1221 introducens,
366 1146 591 1219 convenienter
628 1161 699 1205 sese
735 1161 789 1220 per
824 1143 952 1203 visibilia
983 1148 1128 1219 tanquam
1158 1159 1228 1221 pro·

123 1236 287 1293 creatorem
315 1231 566 1309 conspiciendum
594 1229 739 1291 offerens:
773 1229 901 1290 alteram
930 1234 1038 1289 contra
1066 1245 1145 1304 quae
1173 1229 1228 1290 do·

123 1318 213 1377 ruina
248 1320 381 1395 regitur,
417 1319 456 1377 iis
491 1332 571 1393 quae
602 1326 658 1393 p'cr
688 1318 791 1392 ipsam
827 1316 994 1391 prudenter
1025 1315 1228 1387 declarantur,

123 1403 209 1465 veluti
237 1403 368 1465 alterum
398 1403 545 1464 mundum
577 1419 614 1465 cx
644 1402 728 1463 caelo
750 1408 781 1464 et
802 1407 882 1462 terra
905 1407 935 1461 et
956 1403 1001 1460 eis
1025 1416 1105 1477 quae
1127 1401 1228 1463 media

123 1495 209 1565 sunt,
246 1506 286 1559 ea
314 1489 419 1551 morali
448 1478 589 1564 inquam,
619 1493 649 1549 et
677 1487 807 1549 naturali
837 1494 867 1547 et
895 1486 1069 1565 theologica
1094 1488 1228 1565 pbiloso-

123 1575 203 1650 phia,
227 1577 430 1652 compositum
453 1573 634 1638 ineffabilem
656 1574 829 1651 patefacere
843 1575 910 1634 eius
922 1574 974 1647 qui
989 1574 1155 1636 declaravit
1171 1575 1229 1633 vir-

123 1667 234 1732 tutem,
268 1668 299 1723 et
326 1662 436 1724 docere
464 1678 518 1738 pro
548 1666 652 1720 rnutuo
675 1661 753 1720 inter
775 1676 809 1719 se
825 1676 915 1743 nexu
937 1675 995 1720 nec
1017 1660 1131 1721 distare
1153 1661 1227 1721 scri-

123 1753 200 1822 ptam
221 1746 325 1827 legem
347 1750 387 1808 ab
410 1746 555 1819 naturali,
585 1745 685 1820 quoad
709 1746 899 1820 facultatem,
934 1762 1034 1821 neque
1057 1747 1227 1809 naturalem

123 1849 225 1893 mrsus
261 1850 280 1893 a
316 1836 446 1911 scripta,
486 1832 586 1909 quoad
621 1831 775 1906 habitum,
815 1832 869 1893 sed
903 1833 1009 1917 ambas
1039 1833 1169 1894 eundem
1197 1837 1229 1893 et

122 1918 249 1994 prodere
285 1926 316 1981 et
352 1920 452 1980 velare
486 1922 652 1993 rationem,
691 1934 786 1979 unam
818 1917 940 1993 quidem
968 1920 1105 1980 oratione
1134 1924 1164 1979 et
1191 1935 1228 1979 eo

122 2004 199 2081 quod
228 2006 352 2081 patefit,
382 2005 509 2067 alteram
536 2003 693 2065 intellectu
720 2011 751 2063 et
772 2022 808 2065 eo
832 2004 912 2079 qnod
936 2004 1061 2065 velatur.
1118 2005 1228 2079 Quem·
1328 2030 1335 2049 =

122 2090 288 2153 admodum
321 2092 402 2171 enim
437 2106 545 2169 sacrae
579 2091 748 2165 scripturae
784 2090 864 2150 dieta
894 2089 1016 2165 quidem
1046 2093 1239 2152 vestimenta·-

122 2176 277 2251 dicentes,
313 2179 481 2249 sententias
511 2181 613 2237 autem
640 2177 766 2237 rationis
789 2191 897 2236 carnes
919 2175 1139 2254 intelligentes,
1170 2175 1229 2235 illis

122 2263 240 2338 quidem
263 2262 416 2335 velamus,
447 2263 496 2323 bis
519 2262 707 2337 revelamus,
738 2264 781 2323 ila
804 2264 896 2323 etiam
917 2277 1022 2323 eorum
1045 2263 1228 2338 quaefacta

123 2355 190 2411 suut
220 2351 566 2427 conspeetui,.‚obiectas
590 2350 710 2425 species
734 2354 763 2409 et
785 2349 897 2409 forinas
921 2350 1102 2409 vestimenta
1124 2348 1228 2409 dieen-

122 2441 181 2511 tes,
211 2436 349 2497 rationes
379 2442 485 2497 contra
516 2435 686 2495 secundum
708 2451 785 2510 quas
808 2434 933 2495 condita
955 2440 1028 2495 sunt
1050 2449 1159 2495 carnes
1181 2435 1229 2496 in-

122 2521 307 2599 telligentes,
329 2520 456 2599 perinde
477 2521 536 2581 illis
559 2522 712 2595 velamus,
742 2522 791 2581 his
814 2520 996 2581 revelamus.
1041 2520 1128 2580 Latet
1148 2521 1228 2581 enlm

122 2606 191 2669 dum
218 2612 348 2685 apparet
376 2608 511 2669 universi
541 2608 680 2668 conditor
701 2612 732 2666 et
753 2607 911 2685 legislator
932 2608 1023 2681 ratio,
1058 2623 1097 2668 ex
1120 2613 1229 2668 natura

122 2692 293 2767 invisibilis,
330 2696 360 2752 et
392 2697 518 2770 apparet
545 2693 616 2753 dum
646 2692 735 2763 latet,
773 2709 862 2768 quern
891 2693 974 2755 baud
1004 2699 1129 2754 tenuem
1155 2709 1240 2759 esse¹
1303 2709 1309 2723 ·

121 2783 229 2841 nutura
259 2779 413 2855 sapientes
442 2795 496 2855 pro
525 2784 608 2839 certo
638 2779 782 2839 habeant.
846 2777 907 2839 Sed
936 2779 1026 2841 liceat
1054 2781 1141 2840 nobis
1170 2779 1230 2841 boc

121 2881 170 2939 per
208 2866 405 2943 negationem
440 2862 638 2926 manifestare
667 2864 821 2925 occultum
850 2867 1088 2941 universamque
1116 2866 1230 2944 ligura-

121 2965 182 3013 rum
212 2957 247 3013 et
275 2952 486 3029 aenigmatum
514 2950 690 3011 laenitatem
718 2951 856 3011 veritatis
883 2951 1074 3013 imitatricem
1096 2959 1230 3029 praeter·

121 3036 200 3114 gredi
229 3036 348 3113 potius,
379 3036 413 3097 et'
436 3037 475 3096 ad
504 3034 603 3112 ipsam
626 3036 773 3097 rationem
796 3053 816 3096 a
837 3036 937 3097 littera
960 3044 990 3099 et
1012 3040 1229 3114 apparentibus
1264 3076 1267 3081 -

121 3138 169 3196 per
201 3122 328 3198 spiritus
357 3127 541 3196 potestatem
563 3120 753 3183 ineffabiliter
775 3137 897 3183 sursum
920 3122 1026 3196 evehi,
1055 3138 1145 3198 quam
1169 3123 1229 3184 hoc

121 3206 199 3285 ruod
226 3213 356 3285 apparet
382 3224 437 3283 per
466 3207 647 3283 positionem
676 3208 740 3270 lieri
762 3208 930 3289 occultare,
966 3225 1005 3270 ne
1027 3226 1084 3268 nos
1107 3223 1228 3285 quoque

121 3292 243 3355 ationis
272 3292 480 3356 interfectores
510 3293 580 3355 iacti
608 3294 761 3371 gentiliter
788 3299 960 3355 creaturam
988 3294 1124 3356 colamus
1142 3310 1229 3371 -prce

121 3384 254 3441 mentone
261 3421 270 3457 ,
305 3378 378 3439 nibil
400 3381 446 3440 eis
468 3395 547 3455 quae
570 3379 666 3439 oculis
689 3379 830 3441 videntur
852 3395 972 3456 quaeve
993 3381 1137 3442 sensibus
1159 3397 1229 3457 per·

121 3466 270 3545 ipiuntur
291 3464 534 3543 magnificentius
556 3480 628 3526 csse
649 3466 806 3541 persuasi,
837 3471 889 3527 aut
910 3467 992 3528 ultra
1013 3466 1146 3527 litteram
1166 3483 1228 3527 non

121 3548 338 3629 ›rospicientcs
373 3567 483 3627 corpus
521 3549 621 3612 solum
657 3550 697 3611 ad
731 3551 914 3613 ludaeorum
948 3552 1071 3615 modum
1110 3552 1228 3629 plurimi

120 3638 291 3723 aciamus,
316 3642 347 3697 ct
376 3640 513 3698 ventrem
541 3638 675 3712 prodeo
696 3636 847 3698 habentes
870 3639 1152 3714 turpitudinemque
1172 3654 1228 3714 pro

120 3722 206 3787 aude
233 3721 387 3784 ducentes
413 3739 518 3800 parem
548 3738 617 3783 cum
647 3722 698 3783 dei
726 3723 968 3786 interlectoribus
991 3724 1162 3786 mercedem
1184 3724 1229 3785 ie·

122 3824 237 3880 amus,
274 3812 381 3885 utpote
409 3823 478 3869 earn
507 3824 587 3885 quae
617 3808 786 3870 secundum
816 3825 875 3871 nos
904 3816 1028 3887 propter
1057 3826 1117 3870 nos
1144 3810 1226 3887 apud

120 3911 166 3957 ros
198 3910 316 3969 corpus
343 3895 513 3972 assumpsit
541 3898 633 3970 atque
662 3893 788 3971 syllabis
819 3901 848 3955 et
876 3895 984 3957 litteris
1011 3901 1134 3974 propter
1156 3912 1227 3958 sen·

120 3997 181 4043 rum
210 3980 382 4056 concrevit,
418 3982 469 4055 qui
496 3996 610 4041 sensus
641 3997 763 4041 omnem
792 3981 823 4040 in
844 3983 939 4047 ¹nobis
968 3983 1142 4053 intellectus
1165 3985 1227 4045 vim

120 4082 203 4127 nse
224 4066 390 4137 convertit,
422 4065 599 4128 Sermonem
623 4064 782 4127 Rationem
805 4083 867 4127 non
894 4069 1124 4145 perspicientes.
1176 4069 1227 4131 Ait

120 4152 192 4213 enim
222 4150 347 4211 divinus
376 4152 550 4228 apostolus,
591 4150 720 4227 ,Littera
751 4153 904 4224 interficit,
941 4154 995 4216 sed
1027 4155 1152 4230 spiritus
1180 4157 1226 4215 vi·

180 4348 209 4401 2.
225 4343 343 4407 natare
360 4347 420 4403 eod.
441 4346 509 4401 Gud.
528 4362 563 4401 m.
582 4362 622 4415 pr.
