2752 4778
1160 202 1232 291 atr

121 379 301 458 perceptor
354 377 442 451 Quod
472 393 545 437 vero
575 377 615 439 ad
643 377 717 438 iliud
744 379 870 454 attinet,
908 378 984 455 ,Sed
1012 383 1106 443 multo
1134 387 1235 463 magia

121 475 236 533 natura
256 465 308 525 illa
330 464 379 524 his
402 464 573 535 sublimior,
602 468 690 525 etex
713 480 774 540 qua
795 463 873 526 haec
896 468 1043 545 originem
1066 475 1232 547 traxerunt,

121 551 370 630 imperceptibilis
400 556 492 625 atque
514 549 846 626 incomprehensibilis‘
873 553 963 625 iliud,
995 554 1235 633 ,imperceptibi-

120 640 160 701 lis
191 644 223 701 et
249 636 592 716 incomprehensibilisi,
628 639 658 695 in
688 652 849 697 commuue
879 646 925 699 est
948 641 986 700 de
1008 642 1181 703 conditione
1204 649 1235 704 et

122 730 236 789 namra
256 724 306 784 his
337 723 530 794 sublimiore,
566 729 596 782 et
625 739 664 785 ex
694 739 755 800 qua
782 723 861 784 baec
890 727 1038 804 originem
1065 732 1233 804 traxerunt,

122 819 172 875 est
192 810 334 886 condita,
362 809 556 870 sumendum.
613 807 690 869 iilud
714 825 785 870 vero
808 811 889 886 quod
913 812 1014 885 addit,
1046 812 1128 886 ,Non
1152 816 1234 891 quod

122 906 187 975 est,
212 898 268 958 sed
286 904 392 972 quaa‘,
415 902 464 957 εει
483 895 657 970 anticipatio
680 897 887 957 subiectionis.
931 896 975 959 Ne
998 900 1079 959 enim
1102 900 1236 963 offendat

121 985 163 1046 ad
198 1000 290 1061 quem
323 983 391 1044 eius
425 988 473 1042 est
503 997 621 1057 sermo,
656 982 778 1053 dicens,
811 981 916 1058 ltaque
945 986 971 1043 si
998 987 1233 1063 inperceptibiiis

121 1077 171 1133 εει
198 1069 282 1147 quod
303 1070 432 1130 colimus
456 1084 492 1128 ac
514 1083 711 1144 veneramur,
746 1085 859 1129 vanum
880 1070 971 1147 igitur
993 1071 1234 1134 Christianorum

121 1156 327 1235 praedicatio,
364 1171 446 1216 vana
478 1155 571 1215 etiam
602 1154 679 1214 fides
713 1171 749 1215 ac
783 1169 936 1230 nusquam
971 1158 1119 1232 stabilita,
1155 1160 1234 1221 baec

121 1243 237 1320 profert
263 1248 297 1303 ui
323 1246 498 1317 praevertat
526 1241 760 1302 obtrectatorem
790 1243 855 1301 sive
886 1259 1058 1307 sermonem
1091 1247 1156 1306 sive
1177 1245 1234 1306 ho-

122 1332 246 1391 miuem.
291 1326 357 1389 Non
380 1329 487 1389 statuit
507 1327 734 1402 inperceptibiie
758 1344 829 1389 esse
852 1328 932 1402 quod
956 1331 996 1390 sit
1016 1329 1095 1391 haee
1113 1330 1152 1391 de
1173 1347 1234 1406 qua

121 1433 225 1478 sermo
254 1421 381 1489 natura,
412 1413 468 1473 sed
498 1412 570 1487 quid
600 1414 655 1486 sit,
685 1419 715 1475 et
743 1415 783 1474 ad
812 1414 1025 1477 stabiliendam
1050 1433 1139 1479 suam
1162 1434 1234 1478 san-

121 1504 252 1564 tentiam
280 1499 365 1561 addit
394 1501 536 1575 insuper,
574 1498 716 1572 ,Multmn
747 1502 827 1560 enim
851 1499 949 1561 differt
969 1518 1156 1577 persuasum
1178 1504 1235 1564 ba-

122 1590 195 1650 bere
218 1586 300 1665 quod
323 1586 435 1661 aliquid
457 1591 505 1644 εει
518 1590 556 1645 ,ει
578 1601 671 1646 εοεεε
693 1585 838 1662 quidnam
860 1585 919 1647 boe
942 1588 1006 1664 sit‘,
1031 1589 1061 1648 id
1084 1596 1133 1650 est
1155 1589 1235 1650 mul-

121 1682 187 1737 tum
210 1670 310 1734 differt
330 1672 369 1732 de
391 1689 425 1732 re
447 1672 550 1746 aliqua
573 1671 653 1746 quod
678 1672 717 1731 sit
738 1688 921 1747 persuasum
938 1672 1052 1735 habere
1071 1680 1101 1734 ει
1120 1683 1232 1737 certam

121 1769 152 1823 ει
174 1755 351 1822 accuratam
373 1759 527 1819 essentiae
550 1758 616 1817 eius
640 1759 793 1818 notionem
815 1763 929 1819 tenere.
974 1760 1041 1820 Noli
1058 1762 1166 1839 igitur,
1188 1763 1234 1821 in·
1327 1830 1332 1839 ⁸

122 1848 205 1923 quit,
235 1860 304 1906 cum
331 1860 388 1905 nos
412 1860 449 1905 ex
472 1846 553 1904 bona
576 1843 633 1903 lide
657 1845 770 1921 percipi
792 1845 925 1905 divinam
949 1848 1115 1908 essentiam
1139 1863 1234 1923 posse

122 1948 292 2010 negemus,
324 1946 495 1992 sermonem
524 1929 657 2007 maligne
679 1933 709 1989 in
732 1932 832 2006 ipsam
854 1934 1058 1993 substantiam
1081 1937 1233 2009 torquere,

121 2025 270 2097 tanquam
297 2033 367 2079 eam
396 2016 537 2077 videlicet
564 2017 826 2092 inperceptibiiem
850 2034 922 2078 esse
951 2023 1139 2095 statuamus,
1174 2036 1235 2079 neu

120 2104 196 2166 inde
225 2120 285 2167 nos
313 2100 404 2164 deum
434 2100 610 2180 negandum
639 2102 815 2177 praedicare
843 2103 1021 2163 concludas.
1077 2104 1114 2162 Et
1142 2106 1234 2179 paulo

120 2196 193 2271 post
223 2190 347 2266 subicit,
383 2188 461 2263 Quid
476 2188 563 2264 ¹enim
587 2203 656 2248 esse
680 2205 790 2249 censes
813 2189 918 2264 deum,
950 2190 975 2247 si
998 2190 1120 2264 quidem
1143 2193 1234 2250 ratio·

120 2279 246 2341 rabbus
267 2276 359 2353 plane
380 2275 590 2334 instrumentis
612 2274 702 2334 iidem
725 2275 854 2336 irabebis
877 2275 952 2353 (hoc
974 2282 1021 2335 est
1043 2277 1069 2334 si
1092 2291 1234 2337 sermone

120 2362 364 2427 circumveniens
394 2360 475 2437 quod
505 2362 660 2436 quaeritur
688 2378 782 2437 posse
810 2362 840 2421 in
866 2361 970 2437 aliqua
992 2362 1164 2441 cognitione
1186 2363 1234 2421 in‘-

120 2450 205 2512 eludi
233 2440 362 2529 putasil
411 2448 587 2523 ,Corpusne
616 2445 689 2529 (hoc
717 2452 764 2507 est
784 2447 862 2507 Num
893 2445 1043 2528 corpus)‘l
1094 2447 1130 2508 El
1160 2461 1235 2522 quo-

120 2552 196 2599 nam
227 2550 302 2613 ergo
330 2532 419 2594 modo
448 2535 498 2609 qui
527 2533 661 2594 infinitus
691 2538 722 2593 et
749 2534 963 2594 interminatus
989 2540 1019 2594 et
1043 2533 1232 2611 infiguratus,

120 2624 175 2701 qui
198 2621 330 2699 denique
352 2636 410 2681 nec
431 2620 517 2698 tangi
540 2636 597 2679 nec
620 2619 717 2679 oeulis
739 2622 821 2681 cerni
844 2619 978 2697 potest‘t
1006 2625 1040 2680 ul
1062 2619 1120 2680 hoc
1142 2620 1234 2680 modo
1346 2686 1352 2696 ,

120 2712 368 2773 demonstratum
402 2706 615 2784 intellegatur,
652 2705 732 2782 quod
768 2723 947 2767 communes
983 2704 1060 2768 adeo
1094 2708 1235 2767 notiones

120 2797 286 2871 evincunt,
317 2793 465 2855 inlinitum
495 2808 566 2853 esse
594 2791 702 2864 deum,
731 2793 813 2868 quod
841 2800 888 2854 est
910 2794 1073 2853 terminum
1096 2810 1157 2852 non
1180 2792 1237 2853 ha-

120 2887 207 2947 berc.
263 2878 327 2941 iioc
349 2880 430 2940 anim
451 2880 606 2957 peculiare
628 2885 676 2940 est
696 2881 764 2940 eius
787 2879 869 2955 quod
893 2884 1036 2955 quattuor
1058 2879 1233 2940 distinctum

120 2974 172 3037 est
193 2966 349 3038 terminis,
380 2970 493 3043 puncto
515 2971 546 3026 ει
567 2966 664 3042 linea,
696 2967 856 3042 superficie
879 2972 909 3025 ει
932 2966 1045 3040 solido,
1076 2970 1235 3043 praeterea

120 3056 223 3119 tribus
246 3066 367 3129 quoque
391 3050 557 3127 distantiis,
585 3051 775 3130 longitudine
794 3058 824 3113 ει
843 3052 1001 3112 latitudine
1020 3057 1049 3111 et
1065 3052 1234 3126 altitudine,

120 3157 206 3221 quae
232 3141 320 3217 ipsae
346 3140 457 3200 ilerum
485 3154 542 3199 sex
564 3140 700 3200 terminis
723 3136 953 3211 discernuntur,
989 3151 1116 3212 quorum
1138 3153 1236 3197 unus·

120 3231 257 3309 quisque
285 3226 428 3287 videlieet
455 3224 574 3286 duobus
603 3224 759 3300 definitur,
789 3231 825 3286 ut
845 3223 1004 3302 longitudo
1028 3224 1184 3298 superiore
1207 3227 1237 3281 ει

120 3314 279 3385 interime,
307 3310 434 3373 latitudo
458 3311 583 3372 dextero
606 3318 637 3372 ει
657 3311 761 3386 ιεεεο,
793 3310 919 3372 altitudo
942 3309 1084 3369 anteriori
1108 3309 1237 3368 termino

120 3406 153 3465 et
181 3400 352 3479 posteriori.
406 3398 507 3473 Atque
536 3401 661 3473 ilerum,
693 3414 761 3457 oum
785 3397 913 3458 eaedem
936 3410 1116 3456 communes
1140 3395 1235 3455 notio*

120 3502 181 3551 nes
217 3484 406 3547 indefinitum
441 3484 531 3545 deum
566 3501 637 3545 esse
664 3485 837 3555 insinuant,
873 3483 933 3543 hoe
961 3488 1009 3542 est
1037 3497 1098 3539 non
1127 3496 1237 3556 capere

120 3574 251 3655 planam
273 3588 312 3633 ex
334 3570 517 3649 quibusnam
547 3575 667 3631 constet
697 3571 868 3631 subiectum
898 3568 1146 3644 explicationem,
1180 3582 1238 3626 nec

120 3660 228 3741 magis
255 3659 414 3720 admittere
436 3659 467 3717 in
490 3656 559 3718 loco
581 3657 830 3727 collocationem,
861 3663 914 3717 aut
935 3658 1015 3715 inira
1035 3660 1158 3729 tempus
1181 3652 1239 3710 ini-

120 3750 199 3811 tium
230 3744 280 3807 vel
307 3746 418 3816 linem,
446 3745 571 3821 insuper
601 3745 691 3804 etiam
721 3744 931 3821 infiguratum,
960 3747 993 3801 ut
1016 3741 1066 3815 qui
1089 3755 1149 3798 non
1173 3738 1238 3816 glo-

120 3836 222 3899 bosus
244 3836 294 3892 εει
316 3836 371 3892 εει
392 3830 626 3908 quadrangulus
649 3834 702 3890 aut
725 3833 845 3891 erectus
864 3835 916 3889 aut
934 3828 1077 3887 deorsum
1095 3840 1239 3902 vergens,

120 3920 199 3999 quin
229 3934 300 3979 eum
329 3917 421 3978 etiarn
449 3921 564 3978 laetum
594 3921 624 3976 et
655 3918 756 3976 visum
783 3915 905 3993 fugere,
942 3930 1011 3974 cum
1038 3912 1146 3972 sensui
1176 3926 1239 3970 non

121 4008 287 4069 subiaceat
315 4002 405 4082 (hacc
431 4004 512 4064 enim
541 4019 703 4079 corporum
725 4007 798 4061 sunt
818 4000 968 4079 propria),
1002 3996 1169 4059 absurdum
1192 4002 1241 4056 est

121 4110 164 4157 ex
186 4093 233 4154 eis
256 4088 522 4168 quaestiones
545 4086 680 4149 divinum
703 4104 814 4163 eorpus
837 4102 923 4163 esse,
950 4090 1044 4160 alque
1065 4087 1095 4143 in
1118 4088 1164 4144 tot
1185 4099 1239 4143 ne-

121 4192 216 4243 eesse
236 4176 354 4239 habere
375 4174 466 4236 dividi
489 4177 520 4237 in
544 4181 617 4251 quot
638 4190 775 4250 rursum,
812 4179 845 4234 ει
868 4189 994 4249 corpus,
1030 4170 1237 4242 contrabatur,

121 4264 301 4343 collegisse.
352 4258 530 4323 individuus
560 4262 641 4324 enim
670 4261 763 4337 piane
792 4264 840 4321 est
870 4258 963 4331 deus,
992 4258 1065 4335 quia
1095 4262 1126 4317 ει
1146 4256 1239 4334 piane

123 4350 305 4443 prandistis
334 4365 462 4427 expers,
497 4349 675 4423 quantitatis
706 4351 809 4409 autern
837 4346 930 4424 piane
958 4359 1087 4493 effers,
1117 4344 1188 4418 quia
1211 4348 1241 4401 et
