2768 4784
1112 133 1185 211 ’391

66 307 344 412 Θοειειεριειιο
366 314 532 387 virorum
557 308 730 413 quattuor
753 314 903 392 milium
927 319 1082 393 numeri.

82 520 87 527 Ι
181 443 281 520 Atque
316 444 452 519 ipsorum
487 444 606 504 illorum
642 462 786 509 numerus
817 449 868 524 qui
901 448 948 508 his
979 450 1186 526 spiritualibus

64 528 242 605 rationibus
271 536 342 590 sunt
371 530 492 590 enutriti
521 547 611 591 verae
633 534 768 608 ipsorum
792 534 983 608 perfectionis
1007 537 1186 599 manifestus

63 614 262 699 etllocuples
287 617 374 675 testis
398 621 460 687 est,
495 618 606 693 quippe
630 619 681 693 qui
704 624 846 694 quattuor
868 621 1029 697 generales
1054 625 1186 691 continet

63 701 226 772 unitates,
260 717 386 778 quarum
416 703 513 777 prima
541 703 662 778 quidem
694 712 741 765 est
771 707 867 781 prima
897 709 1015 781 unitas,
1051 709 1186 771 secunda
1254 742 1258 755 ι

64 803 146 865 uero
170 793 217 847 est
240 787 384 848 denarius
410 804 571 863 numerus,
596 793 681 849 tertia
705 793 913 866 centenarius,
946 800 1053 869 quarta
1077 811 1184 855 monas

65 878 119 935 est
149 873 337 934 millenarius
368 890 523 934 numerus.
585 874 696 936 Harum
728 879 806 936 enirn
837 894 1055 954 unaquaeque,
1088 884 1185 958 prima

63 958 204 1023 monade
226 964 370 1036 excepta,
406 964 436 1019 et
460 976 567 1020 monas
587 968 638 1021 est
660 967 689 1022 et
711 963 820 1023 decas:
857 980 964 1024 monas
987 966 1108 1041 quidem
1133 983 1184 1027 ea-

64 1061 139 1107 rum
162 1061 240 1121 quae
262 1051 333 1123 post
355 1063 389 1105 se
413 1051 598 1121 sequuntur,
632 1055 665 1108 ut
682 1050 712 1107 in
735 1066 769 1110 se
792 1051 859 1124 ipsa
882 1053 1068 1127 composita,
1091 1058 1184 1126 atque

64 1131 264 1208 decuplaudo
294 1133 389 1208 ipsius
420 1132 565 1192 decadem
590 1135 769 1194 conficiens:
805 1135 899 1196 decas
924 1153 1012 1210 vero,
1042 1138 1107 1198 sive
1128 1138 1183 1198 de·

64 1219 177 1280 narius
207 1235 367 1287 numerus,
400 1225 431 1278 ει
454 1235 558 1278 earnm
582 1235 662 1296 qaae
685 1228 757 1280 ante
780 1238 814 1280 se
838 1231 909 1284 sunt
931 1216 1181 1299 compositionem

64 1305 98 1365 ia
131 1320 165 1363 se
193 1305 291 1380 ipsam
322 1304 581 1364 circumcludens:
622 1305 808 1367 millenarius
840 1325 911 1369 vero
940 1326 1085 1370 numerus
1108 1324 1184 1386 qua-

65 1389 259 1468 druplicatus
291 1391 379 1450 eflicit
411 1397 554 1465 quattuor
585 1392 672 1452 milia.
744 1393 795 1452 Est
823 1395 913 1471 igitur
946 1397 1041 1471 prima
1072 1411 1182 1456 monas

65 1476 219 1554 mysticae
248 1476 418 1553 symbolum
449 1476 636 1554 theologiae,
672 1479 766 1538 altera
796 1478 914 1540 divinae
945 1482 1182 1557 dispensationis

66 1568 101 1624 et
135 1563 277 1622 bonitatis
311 1565 427 1640 imago,
466 1564 552 1623 tertia
586 1580 694 1624 monas
722 1566 840 1625 virtutis
868 1572 898 1626 et
925 1569 1107 1645 cognitionis
1136 1573 1183 1628 eat

65 1647 285 1720 simulacrum,
320 1654 427 1724 quarta
466 1649 595 1722 denique
632 1667 739 1710 monas
779 1651 932 1728 generalis
968 1670 1067 1714 rerum
1103 1669 1183 1729 quae

65 1735 207 1796 existunt
229 1737 467 1811 regenerationis
490 1735 645 1795 divinioris
669 1736 882 1799 manifestatio.

64 1875 156 1948 Alia
180 1875 438 1973 contemplatio
464 1876 502 1946 in
528 1877 775 1972 septenarium
800 1900 1006 1949 numerum.

177 2001 375 2078 septenarius
411 2010 512 2063 autem
544 2008 714 2077 sportarum
746 2018 890 2063 numerus
920 2002 979 2061 alio
1012 2002 1181 2063 secundum

64 2089 258 2164 superiorem
290 2089 380 2148 modo
413 2090 584 2164 inspectus,
614 2095 647 2149 ut
677 2090 796 2159 dicunt,
826 2087 977 2165 significat
999 2089 1207 2164 sapientiam,

64 2182 100 2236 et
128 2176 337 2251 prudentiam,
368 2174 448 2233 lianc
477 2174 597 2248 quidem
628 2182 660 2234 ει
689 2177 769 2234 circa
792 2190 918 2234 causam
941 2173 1085 2233 trilariam
1110 2190 1183 2234 sese

67 2267 190 2335 ruente,
229 2261 309 2320 illam
344 2262 423 2320 circa
453 2276 489 2319 ea
519 2277 596 2334 quae
627 2270 696 2336 post
727 2277 855 2320 causam
884 2266 914 2319 et
943 2261 1022 2320 circa
1053 2276 1180 2320 causam

67 2353 145 2408 sunt
179 2348 296 2407 ratione
333 2363 386 2422 per
420 2361 545 2406 causam
581 2347 770 2423 quadruplici
803 2345 894 2406 modo
929 2363 964 2406 sc
999 2351 1180 2406 moventem.

66 2433 214 2493 Neutrum
245 2434 336 2511 igitur
364 2432 578 2492 irrationaliter
607 2449 624 2489 a
655 2433 778 2491 domino
807 2432 920 2492 iactum
945 2438 991 2492 est
1013 2431 1181 2491 secundum

66 2534 216 2596 magnum
238 2519 320 2578 hunc
344 2519 538 2594 magistrum,
571 2536 627 2576 nec
651 2520 757 2593 spiritu
782 2519 914 2595 indigae.

65 2652 130 2727 Ex
155 2651 284 2725 eodem
309 2675 493 2740 sermone,
532 2650 570 2724 in
596 2650 713 2740 illud,
747 2648 881 2748 ‚Atque
903 2649 1104 2748 gratiarum
1129 2648 1181 2722 di·

121 2756 273 2828 versitas
297 2765 367 2844 est,
395 2754 468 2826 alia
489 2755 604 2852 gratia
628 2778 719 2852 opus
741 2752 879 2826 habens
904 2752 950 2825 ad
976 2752 1180 2825 discernen-

123 2858 214 2932 dum
237 2881 415 2957 quaenam
438 2857 486 2929 sit
506 2856 769 2954 praestantior!

180 2994 345 3054 diversitas
382 2997 547 3071 gratiarum
587 3008 664 3066 quac
702 2992 759 3050 alia
790 2993 888 3067 gratia
919 2992 1009 3052 habet
1038 3010 1114 3066 opus
1144 2992 1182 3052 ad

67 3082 321 3155 discernendum,
354 3080 522 3141 secundum
552 3094 697 3154 magnum
730 3076 811 3134 lruac
839 3076 992 3136 doctorem
1023 3077 1183 3152 prophetia

68 3172 135 3236 est,
172 3166 429 3241 quemadmodum
459 3167 601 3238 arbitror,
640 3172 670 3225 et
700 3161 827 3239 ,linguis
857 3161 960 3236 ιοεει.ί
1024 3162 1183 3238 Prophetia

67 3253 151 3313 enim
175 3270 253 3330 opus
277 3253 371 3313 habet
394 3254 491 3330 gratia
514 3252 675 3328 spirituum
699 3248 987 3322 discernendorum,
1012 3249 1049 3308 aad
1069 3264 1184 3325 cogno-

68 3337 219 3398 scendum
250 3355 401 3414 quaenam
432 3345 461 3398 ει
486 3338 567 3397 unde
591 3343 619 3396 et
643 3353 702 3410 quo
726 3337 826 3395 ferens
849 3340 878 3393 et
900 3334 1072 3395 cuiusmodi
1095 3335 1182 3410 spiri-

68 3433 122 3484 tus
146 3426 200 3498 sit,
226 3431 256 3482 et
279 3440 369 3499 quam
394 3424 506 3484 habent
529 3439 671 3492 causam,
695 3439 733 3481 ac
756 3422 832 3480 torte
856 3435 960 3497 nugax
983 3423 1038 3493 sit,
1070 3426 1183 3480 temere

67 3509 170 3570 solum
205 3510 321 3585 prolata
354 3527 390 3570 ex
428 3512 498 3569 vitio
528 3509 714 3584 principatus
747 3509 839 3566 aniari
867 3507 932 3565 eius
961 3508 1011 3582 qui
1041 3507 1181 3579 loquitur,

68 3602 124 3657 aut
146 3602 246 3656 ructus
270 3601 460 3673 spontaneus
484 3600 549 3656 eius
574 3595 712 3653 videlicet
736 3591 784 3667 qui
807 3592 983 3668 prophetat,
1013 3609 1051 3652 ex
1070 3592 1181 3669 ingenii

68 3684 242 3760 sagacitate
277 3683 315 3742 de
351 3682 512 3742 multarum
549 3696 648 3740 reram
678 3679 864 3754 experientia
893 3677 973 3738 docti
1006 3678 1183 3738 naturaliter

69 3769 110 3828 de
143 3769 326 3843 quibusdum
362 3769 452 3827 rebus
489 3765 659 3828 secundum
697 3765 846 3824 rationem
880 3765 1094 3833 comedentis,
1131 3768 1182 3823 aut

70 3870 204 3930 nequam
242 3860 271 3915 ct
306 3854 494 3915 daemoniaci
532 3853 670 3928 spiritus,
707 3851 784 3910 sicut
817 3852 846 3909 in
877 3849 1021 3910 Montano
1057 3857 1087 3910 et
1117 3851 1182 3910 eius

70 3939 221 4002 similibus
258 3941 338 4016 qnod
373 3941 566 4016 praedicatur
599 3937 775 4014 prodigiosa
804 3938 901 3997 oratio
929 3942 977 3996 est
1005 3935 1183 4012 prophetlae

71 4028 169 4088 lorma
205 4028 330 4100 vestita,
368 4033 420 4087 εει
453 4043 490 4086 ne
524 4024 670 4104 gloriolae
701 4039 800 4083 vanae
830 4023 938 4084 alienis
966 4022 1059 4097 alius,
1097 4027 1184 4097 prout

72 4128 166 4175 casus
189 4113 262 4184 lert,
285 4130 319 4174 se
339 4119 482 4186 exornet,
511 4112 641 4187 loquens
665 4109 825 4186 magnilica
849 4113 940 4183 atque
963 4110 1081 4170 iactans
1104 4123 1184 4182 quae

145 4289 167 4336 l.
191 4284 374 4350 apographum
396 4284 472 4334 trahet
491 4277 712 4349 προφερόμενος.
