2768 4784
220 172 268 246 94

219 379 316 463 σχετο
336 359 409 436 γῆν,
432 353 485 432 τὴν
507 351 570 419 ιλπδ
594 355 765 435 αἴσθησιι,
788 361 887 464 φημὶ,
909 355 1007 440 ηιιλσιι
1019 351 1122 464 όρθῷ
1138 356 1226 444 λόγῳ
1244 348 1325 422 εἶναι

218 440 338 519 θεατῆν
359 446 412 505 καὶ
434 436 697 549 ειλπερίγραπτον
708 447 761 506 καλ
783 437 887 527 666²
866 452 993 528 αρεταῖς
1013 421 1215 551 ἤγλαῖσμέιηλ
1229 440 1326 525 βατλγι

219 529 333 603 δείξας
352 530 405 590 καλ
428 521 674 632 ειλπαρόδεντον,
708 533 762 591 καλ
782 529 899 610 μηδένα
923 527 1101 593 κίνδυνον
1087 553 1121 594 εκ
1127 532 1198 640 τῆς
1216 527 1326 594 6666-

220 617 326 697 ρωθεν
352 613 578 720 παφλαζουσης
605 639 667 678 των
670 616 918 722 διακριθέντων
939 611 1077 695 ιλδάτων,
1106 608 1156 691 οἷς
1177 617 1255 690 τέως
1274 638 1325 681 κε·

219 699 376 776 κάλυπτο,
414 695 527 809 ιλρμιλς
545 709 614 774 τοῖς
647 698 745 775 ολτως
779 695 874 778 αιλτῆν
904 665 1140 808 διαπερῶσιν
1126 700 1326 784 επάγονσαν·

221 785 311 888 είιιερ
339 808 427 895 τιμ
411 782 478 850 κατ’
482 782 626 892 υλναγωγ
626 783 669 894 66
697 785 782 886 λόγῳ
805 784 965 870 διάκρισις
985 783 1107 851 ιλδάτων
1129 792 1243 866 νοητῆς
1263 790 1327 852 θα-

221 868 332 949 λάττης
361 876 447 936 εστὶν
477 866 577 950 ἢτιιλν
599 897 657 937 κατ
687 870 829 955 έλλειιμιν
851 878 905 936 καλ
920 873 1130 979 πλεονασμόν
1150 869 1328 956 άντικειμέ·

60 985 106 1024 ιιι
120 977 212 1025 ιηιιι.
221 980 283 1021 νων
304 967 374 1032 ταῖς
380 952 521 1064 ολρεταΐς
542 961 661 1023 κακιυλν
683 961 735 1036 τῆς
753 969 758 1036 Ι
777 957 860 1041 πρὸς
886 953 1049 1037 ’άλλῆλας
1069 965 1235 1044 συνεχείας
1255 958 1327 1023 διά·

216 1066 348 1122 στασις,
377 1038 414 1122 66
435 1047 555 1128 πέφυκε
577 1043 673 1127 λόγος
694 1054 817 1124 ποιεῖν,
849 1048 987 1146 καρδίας
1008 1043 1110 1110 αιλτυλν
1131 1044 1327 1154 καθαψάμε·

220 1153 289 1210 νος,
321 1135 376 1194 καλ
405 1139 473 1205 τοῖς
500 1129 554 1194 ἐπὶ
583 1129 665 1195 θεδν
694 1129 956 1234 προτροπάδην
942 1136 1161 1216 επειγομένοις
1183 1127 1329 1215 οιλδαμολς

218 1211 369 1294 άλληλαις
390 1211 485 1292 αιλτολς
506 1220 708 1301 συνοφθῆναι
723 1220 910 1301 συγχωρῶν

223 1353 364 1454 Θεωρία
385 1361 449 1451 τῆς
472 1352 582 1437 εἰς
544 1384 585 1427 το
606 1354 691 1449 ὅρος
712 1353 931 1488 ἀναβάσεως
952 1361 1019 1428 τοῦ
1042 1353 1226 1437 Μωσέως.

323 1471 412 1537 Οιλτω
428 1471 525 1536 πάλιν
542 1496 585 1558 τῳ
572 1469 785 1536 καλοιλντι“
772 1470 928 1581 επόμενος
942 1467 1063 1581 θεῷ,
1047 1469 1329 1577 υπερσχαλνιτάντα

220 1555 259 1622 τὰ
281 1561 377 1667 τῇδε,
398 1558 444 1634 εἷς
465 1557 521 1623 τόν
542 1556 665 1665 γνόφον
686 1557 847 1667 ελςλλθεν,
877 1549 916 1622 06
938 1549 976 1636 ἧν
997 1583 1015 1622 ο
1003 1554 1130 1638 θεὸς,
1156 1560 1329 1638 τουτέστιν,

220 1643 267 1720 εἷς
284 1643 339 1722 τῆν
357 1641 446 1725 6666
463 1649 517 1709 καλ
535 1641 676 1725 άόρατον
693 1650 746 1707 καὶ
764 1639 936 1747 άσαλματον
953 1640 1160 1751 διατριβὴν,
1162 1669 1207 1732 νῳ
1205 1642 1330 1754 πάσης

221 1729 383 1838 ἐλευθέρῳ
406 1733 460 1808 τῆς
487 1726 570 1834 πρός
596 1726 705 1794 δτιοιλν
732 1729 833 1815 πάρεξ
861 1734 944 1794 θεοιλ
966 1733 1119 1815 σχέσεως,
1145 1728 1179 1793 ἐν
1200 1721 1219 1819 6
1240 1728 1329 1814 γενό-

218 1841 330 1925 μενος,
360 1812 402 1891 υλς
431 1815 501 1895 ἐνῆν
521 1814 662 1897 μάλιστα
666 1808 889 1925 ιλνθρωιτίνην
910 1811 1088 1895 ιλξιωθιλναι
1103 1814 1226 1923 φύσιν,
1257 1808 1330 1880 οἷσι

218 1900 366 1966 έπαθλον
395 1902 449 1980 τῆς
475 1908 635 1985 μακαρίας
663 1901 779 1980 εκείνης
805 1897 990 1984 ιλναράσεως
1017 1899 1165 1978 δι’ξιον
1131 1927 1186 1980 την
1208 1900 1329 1986 χρόνον

219 1994 273 2052 καὶ
295 1986 420 2072 φάσεως
440 1986 499 2068 τῆν
511 1991 638 2093 γένεσιν
655 1986 918 2097 περιγράφονσαν
932 1988 1097 2097 κομίζεται
1116 1993 1252 2071 γνυλσιν,
1275 1990 1330 2053 καλ

219 2072 318 2138 τόπον
351 2078 405 2141 καλ
431 2072 633 2182 παράδειγμα
662 2078 724 2138 ταλν
754 2070 883 2184 ολρετολν
903 2071 1000 2139 αιλτδν
1027 2072 1244 2183 ποιησάμενος
1273 2071 1330 2139 τδν

219 2159 317 2243 θεόν,
349 2158 432 2264 πρὸς
460 2156 499 2225 δν
526 2159 674 2244 καθάπερ
703 2158 850 2268 γραφιλν
849 2156 971 2265 ειλφυυλς
992 2164 1048 2225 τοιλ
1070 2153 1253 2268 ιλρχετόπου
1276 2159 1330 2269 τλγν

218 2253 353 2330 μίμησιν
374 2245 574 2323 σαλζουσαν“
561 2246 675 2311 εαυτδν
691 2271 910 2353 μποτυπωσας
927 2245 1050 2313 κάτεισι
1071 2249 1129 2311 τοιλ
1151 2243 1278 2354 όρους,
1294 2269 1329 2325 ης

218 2339 385 2418 μετείληφε
414 2330 545 2412 δόξης1
558 2331 637 2398 κατὰ
666 2330 702 2397 τδ
725 2330 896 2417 πρόςωπον
917 2332 1134 2440 έπισημαίνων
1158 2358 1213 2412 την
1233 2357 1329 2436 χαριν

219 2424 273 2484 καλ
301 2431 370 2494 τοῖς
396 2415 507 2495 ἄλλοις
534 2411 738 2528 ολνθρυλποις,
771 2418 873 2526 ὥςπερ
903 2422 1072 2496 θεοειδολς
1097 2415 1199 2484 τόπου
1228 2417 1328 2484 τόποι

219 2503 332 2569 έαντδν
352 2504 522 2588 γενόμενον
543 2501 699 2614 άφθόνως
720 2503 828 2580 διδολς
848 2511 902 2570 καλ
917 2508 1173 2614 προτιθέμενος,
1200 2510 1259 2570 καὶ
1276 2507 1328 2584 δη-

219 2597 275 2654 λοῖ
293 2595 386 2655 τολτο
410 2595 515 2655 ποιυλν
536 2596 610 2674 περὶ
630 2581 674 2655 αλν
694 2583 760 2655 εἶδε
782 2616 814 2654 τε
837 2597 891 2656 καλ
889 2589 1028 2704 ληίιουσε
1051 2617 1094 2679 τῳ
1079 2596 1183 2676 λαῳ
1200 2590 1329 2699 ἔξηγοιλ·

218 2701 327 2761 μενος,
357 2683 411 2742 καλ
438 2680 571 2784 γραφῇ
575 2685 641 2751 τολς
659 2673 725 2759 μετ’
748 2674 845 2741 αιλτδν
867 2671 942 2743 οἷόν
964 2704 1034 2743 τινα
1056 2655 1172 2761 κλῆρονι
1190 2677 1328 2753 θεόςδο-

218 2784 274 2825 τον
296 2761 493 2848 παραδιδοὺς
514 2765 571 2826 τοιλ
592 2766 675 2828 θεοιλ
696 2760 733 2827 τά
760 2762 925 2847 μυστήρια

57 2941 89 2979 lus
93 2934 168 2987 ιη
221 2897 364 2996 Θεωρία
387 2906 451 2994 τῆς
469 2898 636 2994 Ἰησοῦ
613 2898 835 3001 ηγεμονίας,
861 2899 925 2974 καλ
947 2908 1011 2997 τῆς
1032 2899 1242 2998 διαβάσεως
1259 2904 1328 2973 τοῦ

186 3000 472 3100 ΗΙορδάνοιι,
493 3030 557 3076 και
572 3010 637 3099 τῆς
652 3001 826 3100 δευτέρας
841 3001 886 3076 66
906 3003 1025 3078 αὐτοῦ
1039 3010 1237 3101 περιτομῆς
1252 3007 1330 3084 τοῖς

271 3107 310 3180 έκ
329 3104 463 3200 πέτρας
483 3103 637 3203 ξίφεσιν.

326 3223 435 3299 Οιλτως
451 3219 613 3302 Ἰησοιλς
595 3250 613 3289 ο
636 3227 783 3300 Μωσέως
804 3223 1017 3331 διάδοχος,“
1005 3249 1057 3288 ινα
1080 3221 1117 3287 τδι
1139 3220 1244 3288 πολλὰ
1268 3225 1330 3286 τῶν

220 3307 305 3418 περὶ
316 3306 415 3414 66606
437 3309 672 3417 ἱστορουμένων
692 3310 893 3395 παραδράμω
917 3309 969 3375 διδ
991 3308 1027 3374 ιδ
1048 3313 1190 3389 πλῆθος,
1221 3332 1330 3392 παρα·

59 3424 106 3464 τοι
121 3420 178 3466 ιιιι
194 3426 213 3466 ι
221 3395 326 3479 λαβαλν
345 3393 404 3480 Ι
369 3421 426 3460 τον
453 3395 532 3461 λαόν
560 3402 694 3473 πολλοῖς
713 3396 881 3501 πρότερον
908 3394 988 3481 πρὸς
1014 3392 1175 3499 ειλσέβειαν
1196 3399 1330 3459 παιδευ·

220 3487 318 3548 θέντα
340 3480 419 3547 κατὰ
441 3481 496 3561 τὴν
522 3481 641 3594 ἔρημον
662 3481 812 3568 τρόποις,
841 3482 920 3566 μεταλ
944 3483 999 3561 τὴν
1022 3508 1054 3546 εν
1075 3487 1119 3569 τηλ
1136 3478 1206 3568 όρει
1224 3484 1330 3546 Μωιλ

221 3573 299 3646 σέως
328 3564 486 3650 τελευτὴν,
515 3576 569 3634 καὶ
599 3572 676 3656 ξένῳ
705 3572 900 3676 περιτομῆς
906 3569 983 3634 εἴδει
1012 3573 1212 3651 καθαγνίσας
1234 3564 1330 3632 αιλτδν

220 3667 289 3733 ταῖς
318 3655 352 3720 ἐκ
379 3679 496 3760 πετρας
517 3662 708 3743 μαχαίραις,
738 3660 792 3720 καὶ
815 3653 871 3720 τόν
889 3650 1051 3737 Ἰορδάνην
1072 3656 1331 3762 ξηρανθέντα”
1293 3679 1328 3741 τη

220 3743 398 3844 προπομπῇ
420 3744 474 3819 τῆς
496 3746 591 3818 θείας
612 3745 751 3851 κιβωτοῦ
772 3739 846 3817 τοιλς
868 3744 925 3806 τοιλ
947 3745 1028 3806 λαοιλ
1049 3739 1171 3816 πάντας
1191 3734 1331 3845 άτεγγεΐς

220 3809 448 3910 ’διαβιβάδαῃ
481 3826 537 3894 τδν
559 3823 598 3892 δι’
621 3824 720 3932 66106
742 3831 879 3903 τυπικιιλς
899 3824 1100 3911 μηνυόμενον
1121 3829 1249 3912 σωτῆρα
1271 3824 1330 3891 λό-

219 3936 277 4014 γον
297 3912 494 4018 παρεδήλου,
508 3912 602 4022 μετὰ
624 3911 679 3993 τὴν
701 3910 844 3993 τελευτὴν
865 3912 922 3978 τοιλ
922 3913 1132 4017 γράμματος
1151 3916 1213 3978 ταλν
1234 3938 1329 4022 νομι-

219 3996 281 4065 κολν
296 3998 517 4076 διατάξεων
484 4025 539 4080 την
556 3999 589 4065 έν
603 4003 649 4088 τῷ
662 3999 737 4084 ιλιγει
753 4003 814 4065 τυλν
825 3998 992 4108 νοημάτων
1005 4003 1178 4105 γινομένην
1184 4024 1241 4063 του
1226 3993 1329 4072 ολλη·

220 4088 317 4150 θινοιλ
333 4082 460 4194 Ἰσραὴλ
483 4092 537 4151 καὶ
561 4082 701 4198 δρῶντος
722 4082 836 4152 θεδν
819 4093 989 4169 ηγεμονίαν
1005 4083 1251 4190 παραλαβόντα,
1276 4088 1329 4152 καλ

219 4168 338 4247 παντός
353 4175 412 4253 μὲν
429 4176 533 4256 ψυχῆς
549 4178 603 4237 καλ
625 4170 773 4256 σώματος
792 4178 961 4256 μολυσμοιλ
983 4177 1027 4260 τῷ
1048 4171 1221 4258 τομωτάτῳ
1243 4170 1330 4258 λόγῳ

290 4343 317 4409 2)
338 4346 524 4410 Apognplmm
547 4346 623 4396 λιιδει
642 4340 753 4407 ἄλληλα.
