2752 4778
229 178 302 254 220

228 383 356 441 στασις,
384 356 602 469 άνάληφιςιλλ
629 354 646 438 6
676 356 759 443 πρὸς
780 356 836 422 τὸν
857 342 951 434 έξ
914 381 951 422 ου
973 353 1012 420 τά
1034 354 1140 422 πάντα
1163 359 1220 422 καλ
1241 344 1370 420 ιλιίλ
1364 358 1375 407 r'

228 453 281 513 καλ
310 447 356 522 εἰς
382 441 437 527 ιλν,
466 443 509 523 ῶς
535 444 617 530 πρὸς
644 447 744 550 πέρας
765 446 827 509 τῶν
849 442 932 509 ὅλων
954 441 1033 509 κατά
1054 441 1167 554 χάριν
1175 438 1324 509 άποκοτέ·
1365 466 1375 564 6

228 558 348 609 στασις.
393 534 459 596 Καὶ
482 530 584 607 άλλως
605 535 641 596 δὲ
662 529 790 635 φάναι,
800 528 944 617 πρόοδός
965 526 1090 596 ἔστιν’
1073 556 1091 609 η
1114 527 1228 595 ὅπλ’
1187 554 1243 609 της
1257 536 1375 639 προ·

229 624 334 698 κτικῆς
358 624 576 729 φιλοσοφίας
585 615 627 694 ῶς
654 615 848 683 διδασκάλου
872 620 929 682 τοῦ
950 612 1138 726 άπαρτόλου
1159 619 1227 681 τῶν
1246 610 1326 679 αἰτῶ

228 708 398 789 μαθητῶν
410 705 456 780 εἰς
484 703 596 786 άρειῆν
623 702 882 786 προκαθῆγησις·
918 706 971 768 δεῖ
993 701 1084 811 γολρ
1086 701 1121 767 έν
1142 706 1243 768 παντί
1235 724 1328 807 αττρι-
1368 784 1374 824 i

230 791 465 875 πορεύεσθαι
451 795 512 857 τῶν
533 795 700 900 μαθητῶν
712 789 768 854 τὸν
789 789 1000 898 διδάσκαλον,
1021 787 1104 876 πρὸς
1125 786 1183 868 τῆν
1205 790 1268 853 τῶν
1274 794 1374 855 Ιἰν·

231 877 430 958 θηκόνιων
416 880 591 985 ενέργειαν·
620 872 775 986 ἀνάβασις
796 871 870 953 666
894 873 947 940 ιλιολ
969 881 1023 955 τῆς
1045 879 1196 985 φυσικῆς
1202 878 1329 961 θεωρίας
1371 879 1376 892 ”

231 962 455 1075 ἒπιστημονικῆ
479 968 540 1028 τῶν
563 963 596 1027 έν
617 973 686 1039 τοϊς
708 955 780 1028 οιίσι
802 960 906 1043 λόγων
923 986 983 1047 περ
986 967 1109 1072 ίληφις,
1112 957 1330 1071 άνάληφιςλὲ
1372 973 1376 987 “

231 1049 247 1129 Ι
277 1047 408 1132 εἰσεβῆς
437 1053 489 1129 τῆς
514 1047 657 1128 άληθοῶς
677 1055 731 1114 καὶ
752 1051 943 1131 θεολογικῆς
964 1054 1084 1158 σοφίας
1104 1043 1249 1135 άρρητος
1265 1044 1330 1153 μάη-
1369 1044 1375 1085 ³

231 1163 290 1214 σις.
344 1140 463 1220 Τρίτον
492 1139 527 1201 66
550 1132 687 1220 οιλρανιλν
709 1133 788 1201 κατὰ
811 1133 1000 1236 στοχασμὸν
1021 1126 1103 1199 εἰναι
1127 1135 1250 1219 νομίζω
1270 1130 1331 1207 τοίς
1373 1139 1376 1150 “

229 1221 486 1327 περιγράφοντος
513 1222 607 1307 ὅρους
637 1226 690 1327 τῆς
718 1246 750 1286 τι
779 1218 950 1305 πρακτικῆς
977 1225 1180 1331 φιλοσοφίας
1209 1225 1264 1286 καλ
1289 1220 1332 1297 τῆς

231 1313 365 1416 φυσικῆς
382 1313 538 1393 θεωρίας,
560 1315 614 1373 καλ
637 1312 690 1388 τῆς
710 1310 902 1389 θεολογικῆς
921 1312 1146 1390 μυσταγωγίας
1164 1305 1243 1382 τοιλς
1261 1301 1331 1391 ιλφη·
1373 1312 1376 1334 ”

230 1395 383 1470 λοιάτους
404 1394 576 1501 λόγοφς,’
563 1392 634 1475 η’τοι
657 1393 694 1458 τολ
716 1393 835 1459 τοάτων
853 1396 991 1498 πέρατα,
1014 1391 1122 1472 ἐπειδὴ
1139 1396 1260 1504 μέτρον
1275 1390 1334 1457 &nt
1374 1400 1376 1422 ¹

232 1509 261 1546 τι
289 1487 343 1547 καὶ
372 1477 624 1564 καταλῆφεως’
604 1484 724 1588 αρετῆς
743 1485 797 1545 καλ
827 1478 951 1587 φάσεως
978 1484 1032 1544 καὶ
1060 1482 1115 1557 τῆς
1143 1474 1194 1543 676-
1222 1475 1333 1585 υἰμφολι
1375 1507 1376 1510 ’

203 1572 422 1650 ΙΙθεολογίας,
457 1565 619 1675 ἀναλόγως
648 1564 727 1633 κατά
781 1564 853 1632 άσιν
882 1564 1004 1654 ἑκάστῳ
1018 1568 1029 1675 Ι
1047 1568 1110 1631 τῶν
1133 1562 1237 1631 ὄντων
1249 1560 1332 1647 ποριλ

232 1657 313 1719 θεοῦ
341 1657 665 1765 προςηρμρσμένον,
668 1653 702 1718 ἰν
672 1593 817 1728 οἰζλΙ
759 1651 913 1762 ςάροις
909 1658 962 1717 καὶ
970 1655 1123 1763 πέρασιν
1144 1647 1163 1717 ιλ
1185 1648 1334 1737 μακάριος

227 1739 415 1815 -άπόστολος
444 1738 517 1815 τοιλς
547 1743 608 1804 τῶν
636 1739 807 1847 εἰρημένων
836 1737 915 1804 κατολ
944 1737 981 1803 τὸ
1012 1734 1145 1845 ἐφικτῶν
1171 1733 1334 1822 παρελθὸν

232 1825 346 1908 λόγους
374 1825 507 1909 ἐγένετο.
561 1827 602 1890 Εἰ
630 1824 690 1935 γάρ
718 1823 899 1935 μοριγραφῆ
921 1828 983 1889 τῶν
1004 1822 1094 1901 ἰντάς
1115 1826 1334 1933 διειλημμένοι

232 1910 310 1978 κατά
339 1911 436 1996 φάσιν
458 1911 544 1976 ἐστὶν
567 1908 584 1976 6
609 1908 762 2020 οιίρανὸς,
793 1917 846 1976 καὶ
862 1910 948 2021 ὅρος
970 1909 1097 1975 πάντων
1118 1935 1183 1976 των
1204 1935 1269 1975 νπο
1259 1907 1334 1973 οἰ·

233 2004 368 2102 σθησιν,
408 1996 554 2076 δηλονότι
583 1997 662 2064 κατὰ
691 1996 747 2062 τὸν
774 2001 828 2076 τῆς
854 1993 1018 2106 οἰναγωγῆς
1043 1995 1143 2080 λόγον
1170 2002 1227 2063 καλ
1255 1998 1335 2061 πάσα

177 2104 180 2109 ’
232 2084 476 2195 ποριγράφουσα
499 2083 572 2192 τοὺς
592 2090 760 2168 περίτιμος
781 2079 893 2195 άρετῆς
914 2080 933 2163 6
954 2081 1099 2166 γνῶσεως
1113 2081 1235 2167 λόγους
1250 2084 1335 2163 λῆξις,

232 2169 274 2248 ῶς
303 2171 381 2255 ὅρος
411 2174 473 2236 τῶν
502 2165 712 2281 ὁριζομένων,
741 2175 796 2235 καλ
824 2173 934 2276 πέρας
952 2172 1014 2234 τῶν
1034 2172 1334 2282 περιγεγραμμένοι,

232 2261 391 2362 τροπικῶς
413 2253 549 2342 οἰρανός
566 2253 771 2366 ὀνομάζεται.
824 2251 870 2318 H
887 2253 985 2320 πάλιν
1006 2260 1115 2365 τρίτον
1138 2253 1284 2340 οιίρανιλν
1297 2245 1334 2320 οἰ-

232 2371 284 2410 ναι
313 2342 408 2428 τυχόν
436 2366 533 2428 φησιν
560 2340 578 2422 6
604 2340 712 2454 γραφῆ
735 2341 790 2418 τιλς
812 2337 891 2447 ιλπέρ
914 2339 994 2426 ῆμάς
1015 2339 1098 2427 ιτριλς
1119 2367 1158 2407 το
1145 2340 1249 2408 άνω
1269 2334 1334 2407 καθ’

232 2429 345 2539 εἱρμὸν
367 2440 451 2514 τρεῖς
473 2436 534 2494 τῶν
556 2429 654 2512 άγίων
676 2425 827 2537 άγγέλων
837 2427 999 2538 τάξεις,”
977 2452 1075 2533 αςιιερ
1097 2426 1248 2540 ἔφθασεν
1268 2428 1335 2503 ἴσως

233 2514 251 2582 ιλ
281 2516 392 2625 ἅγιος
401 2520 545 2597 Παῦλος,
581 2525 651 2592 ταίς
672 2519 734 2579 τῶν
762 2509 827 2579 κατ’
858 2510 955 2579 αἰτῶν
981 2512 1128 2598 γνῶσοων
1156 2512 1334 2601 ολιιοφάσισι
1367 2550 1375 2565 ·

234 2608 296 2667 τῶν
326 2627 385 2667 κατ
419 2601 557 2677 ἐκείνους
584 2602 639 2678 τάς
660 2601 856 2706 καταφάσεις
875 2599 1069 2684 μυούμενος,
1101 2606 1157 2667 καλ
1179 2610 1253 2678 ταῖς
1270 2594 1336 2667 ιιαθΡ

233 2685 392 2774 ιλπεροχῆν
421 2692 482 2753 τῶν
512 2688 640 2753 οἰκείων
668 2686 833 2772 σιερῆσεσι
858 2687 914 2763 τάς
936 2687 1063 2753 ἐκείνων
1086 2685 1167 2764 ἕξεις
1186 2685 1337 2773 μιμοιλμο·

234 2799 299 2850 νος.
342 2777 441 2838 Πᾶσα
467 2773 550 2882 γάρ
560 2772 676 2882 φάσις
684 2777 746 2838 τῶν
773 2777 909 2885 λογικῶν
937 2772 1016 2838 κατυλ
1046 2770 1101 2853 τῆν
1122 2777 1237 2854 ἑαυτῆς
1258 2773 1337 2850 τάξιν

234 2866 288 2927 καλ
308 2858 497 2942 δύναμιν
462 2885 514 2939 της
535 2856 614 2946 ιλιιέρ
637 2856 733 2940 αἰτῆν
755 2856 867 2937 οιίσίας
885 2864 942 2924 κοιλ
957 2857 1135 2936 τάξεως
1098 2884 1155 2936 τας
1171 2856 1338 2971 γνωστικιλς
1375 2865 1376 2914 Ι

235 2946 315 3024 ἕξεις
343 2970 375 3011 τε
400 2951 454 3011 καὶ
476 2949 585 3023 θέσεις
606 2952 660 3012 καὶ
673 2946 878 3051 καταφάσεις
899 2949 1087 3058 στερητικῶς
1109 2956 1181 3023 ταῖς
1202 2942 1337 3014 κατόι·
1312 2931 1376 2984 Ἰ

235 3031 288 3113 τῆν
316 3026 540 3142 άφαιρειικαῖς
568 3031 778 3139 άποφάσεσι
786 3038 915 3140 μυεῖταί
945 3057 978 3097 τε
1010 3038 1064 3097 καλ
1095 3042 1263 3136 μιμεῖται,
1293 3032 1339 3099 καλ

235 3119 322 3187 ἔστιν
349 3116 366 3199 6
398 3118 477 3185 κατά
506 3118 561 3198 τῆν
590 3123 708 3204 γνῶσιν
734 3122 796 3183 τῶν
822 3113 1067 3227 ιλιτερκειμένων
1082 3112 1267 3205 κατάφασις
1285 3118 1340 3183 τῶν

235 3203 542 3315 ιλποΙίεβληκότων’
522 3205 703 3315 αιιόφασις,
731 3211 784 3270 καὶ
808 3202 946 3310 έμπαλιν
967 3209 1030 3270 τῶν
1019 3196 1339 3312 ιλιτοβεΙίληκυιῶιῆ

235 3291 314 3358 κατιλ
335 3292 389 3371 τῆν
411 3296 528 3376 γνῶσιν
549 3288 716 3401 ιλπόφασις
737 3296 799 3356 τῶν
801 3283 1053 3402 ιλπερσγουσῶν
1065 3316 1275 3399 καταφασις,
1293 3290 1341 3375 μέ

256 3404 289 3463 ρι
312 3383 365 3458 τῆς
384 3382 498 3445 πασῶν
519 3373 632 3441 καθΗ
606 3377 775 3487 υιιεροχῆν
792 3375 950 3456 άνωτάιης
967 3375 1091 3462 φάσοῶς
1110 3384 1217 3444 τεκαὶ
1235 3342 1343 3455 τάξιος

236 3469 444 3574 αποφατικῶς
472 3462 756 3570 προοδεάουσα,
744 3462 781 3544 ῆν
808 3463 887 3549 μετά
909 3462 1016 3541 πάσας
1037 3462 1142 3541 τάξεις
1163 3490 1197 3531 τε
1219 3468 1274 3531 κοιλ
1293 3466 1342 3529 δν·

236 3575 345 3635 ναμοις
363 3578 380 3629 η
385 3548 524 3659 άμεσος
545 3554 620 3655 περὶ
642 3547 723 3615 θεὸν
745 3552 923 3636 διαδέχεται
946 3548 1026 3614 κατά
1048 3549 1103 3629 τῆν
1124 3554 1246 3633 γνῶσιν
1265 3545 1343 3615 άπά-

237 3660 351 3748 φασις,
380 3631 431 3699 ιλπ’
456 3631 585 3711 οἰδενός
606 3641 766 3713 παντελῶς
787 3639 1074 3747 καταφασκομένη
1074 3639 1138 3701 τῶν
1160 3634 1277 3716 άντων,
1304 3630 1342 3740 μῆ

238 3722 330 3798 ὄντος
359 3721 524 3786 λοιπόν“’
499 3747 583 3829 ορου
611 3721 696 3799 τινάς
724 3720 742 3801 6
770 3727 907 3807 πέρατος
935 3729 993 3788 τοῦ
1016 3721 1129 3801 ταάτην
1150 3719 1345 3835 περιλαμΙλά·

76 3830 123 3870 σοι.
139 3826 345 3882 ιηιιιινονιος
367 3805 421 3884 τῆν
442 3803 617 3891 ἀπόφασιν
639 3807 644 3895 Ι
678 3809 793 3917 Ὥςιτερ
812 3808 873 3894 γὰρ
891 3812 953 3874 τῶν
971 3809 1137 3889 αἰσθητῶν
1155 3809 1236 3875 κατά
1255 3808 1346 3919 φάσιν

237 3892 403 4001 άπόφασίς
432 3892 500 3959 ἐστι
528 3893 564 3958 τιλ
593 3893 706 4004 νοητά,
740 3895 821 3960 οιλτω
849 3901 903 3961 καὶ
933 3894 967 3960 ἰν
995 3905 1065 3971 ιαῖς
1086 3893 1347 4004 συμπληροιίσαις

238 3979 295 4045 τὸν
322 3976 388 4045 άνω
419 3978 543 4063 κόσμον
571 3976 696 4058 οιίσίαις
724 4006 756 4046 ιε
784 3985 838 4047 καὶ
866 3980 1037 4090 δυνάμεσιν
1064 3981 1102 4046 αἱ
1127 3986 1190 4047 τῶν
1217 3979 1348 4069 πρῶτον

238 4065 315 4132 κατὰ
344 4063 399 4145 τῆν
426 4073 499 4177 περὶ
530 4065 611 4133 θεάν
639 4072 765 4177 γνῶσιν
786 4059 944 4177 ιλπεροχαλ
973 4066 1027 4133 διά
1057 4065 1110 4147 τῆν
1139 4066 1278 4179 ιλφεσιν
1274 4076 1349 4143 ταῖς

238 4150 303 4255 μετ’
334 4149 429 4229 αἰτάς
450 4150 705 4263 άποφάσκονται.
754 4150 808 4231 Ὡς
829 4154 891 4265 γάρ
914 4153 995 4239 άπερ
1017 4150 1108 4239 ῆμεις
1128 4164 1216 4220 νοεῖν
1239 4181 1278 4222 ου
1264 4152 1349 4220 ἰλι-

240 4238 382 4345 νάμεθα,
412 4250 479 4314 τοῖς
509 4237 587 4348 ιλιιὲρ
616 4237 696 4348 ῆμάς
724 4233 830 4350 ιλγίοις
859 4238 1005 4324 άγγέλοις
1033 4241 1098 4307 εἰσὶ
1126 4238 1245 4321 νοητὰ,
1274 4240 1350 4308 οἰτο

240 4330 293 4390 καὶ
329 4335 396 4397 τοῖς
431 4322 513 4408 ιλιτὲρ
547 4322 628 4409 ῆμᾶς
655 4323 761 4408 άγίοις
789 4322 933 4410 άγγέλοις
963 4326 1000 4392 τά
1026 4324 1069 4410 μῆ
1100 4326 1263 4413 νοοάμονα
1289 4336 1352 4405 τοίς
