2752 4778
206 213 283 291 ‘366

208 394 264 474 κήν
286 390 364 504 ἀπέρ
388 390 475 477 ήμῶν
496 391 648 500 ἑκουσίως
667 389 887 504 ὑπερχόμενος
897 395 1057 474 γέννησιν,
1082 385 1103 455 6
1125 383 1197 454 κατ’
1218 383 1320 454 οάσίαν

209 481 288 557 θεὸς
308 487 361 545 καὶ
384 483 465 545 θεοῦ
481 477 559 543 κατά
579 479 675 564 φύσιν
693 479 778 559 υίὸς,
806 480 853 555 εἷς
868 475 1075 558 ἀθέτησιν
1038 503 1093 556 της
1115 476 1153 542 ἐκ
1174 473 1321 580 σωμότωι

209 567 387 653 γεννήσεως.
426 562 551 645 Επειδὴ
573 572 678 631 τοίνυν
700 561 778 630 66‘
762 569 843 674 ημᾶς
865 562 1041 644 ὃποιήσας
1026 560 1147 674 ήμιῖς
1160 567 1219 626 καὶ
1233 558 1323 665 μόνος

211 658 257 741 τῷ
284 659 382 736 πατρὶ
408 650 487 761 μετὰ
517 656 574 716 τού
602 651 787 761 πνεύματος
810 648 954 755 ὃμόθεος
982 655 1036 715 καὶ
1067 649 1243 733 ομόδοξος
1264 644 1324 722 υίὸς

211 746 265 807 καὶ
287 737 384 823 λόγος
405 733 479 802 καθ
501 734 581 820 ήμάς
603 733 673 814 ἐξ
657 743 745 846 ημῶν
767 734 895 817 ἀληθῶς
915 735 1090 821 ἀνθρωπος
1109 741 1259 819 γίνεται,
1280 738 1324 798 καί

212 829 397 910 σωματικῶς
417 827 562 908 γεννᾶται
583 830 682 933 χωρὶς
702 820 900 932 ἁμαρτίας,
904 829 957 887 καὶ
976 823 1028 902 τήν
1048 822 1082 887 ἐκ
1100 827 1325 906 βαπτίσματος

212 914 258 988 είς
286 911 455 978 υἱοθεσίαν
483 908 692 993 πνευματικήν
720 907 799 1015 ύπέρ
830 907 919 993 ήμῶν
940 906 1093 975 ύπελθεῖν
1118 911 1325 991 καταδέχεται

212 1003 354 1104 γέννησιν
383 993 400 1061 6
425 995 518 1105 φύσει
540 996 636 1077 θεὰς,
665 996 717 1060 διὰ
740 999 835 1060 τούτο
857 999 977 1081 συνῆψε
1000 998 1036 1084 τῆ
1058 1018 1249 1100 σαρκωσει,
1276 1018 1326 1057 κα·

213 1082 282 1161 θύις
295 1079 417 1195 οἶμαι,
451 1081 506 1161 τήν
538 1082 571 1146 ἐκ
578 1088 812 1186 βαπτίσματος
833 1085 977 1165 γέννησιν
1000 1077 1017 1146 6
1041 1074 1326 1161 διδόσκαλος,ιύς

212 1173 258 1248 είς
286 1167 438 1249 ἀθέτησιν
467 1174 521 1232 καὶ
549 1167 639 1234 λύσιν
666 1173 719 1248 τῆς
748 1168 782 1233 ἐκ
805 1167 960 1252 σωμάτων
980 1167 1203 1246 ἐπινοηθῆναι
1225 1163 1326 1273 γεννή-

213 1283 301 1334 σεως
341 1256 441 1339 Ὅπερ
463 1255 538 1360 γὰρ
547 1251 564 1320 6
583 1252 685 1366 ἈιΙάμ
710 1258 801 1338 (λέγω
824 1254 915 1319 66
880 1281 936 1335 την
957 1255 1003 1329 εἷς
1024 1252 1194 1319 θέωσιν
1179 1279 1214 1318 εκ
1237 1248 1323 1316 πνεύ·

212 1369 313 1429 ματος
338 1345 493 1424 γέννησιν)
526 1339 679 1417 ἑκουσίως
705 1339 895 1448 παραλιπών
926 1344 1103 1449 γεννᾶσθαι
1135 1341 1325 1450 σωματικῶς

214 1432 260 1507 είς
287 1427 419 1514 φθορὰν
447 1434 635 1535 κατεκρίθη,
665 1431 759 1492 τοῦτο
788 1425 866 1491 κατὰ
897 1430 1029 1507 θέλησιν
1058 1452 1101 1502 ως
1125 1423 1261 1536 ἀγαθός
1279 1428 1324 1488 καὶ

215 1515 449 1602 φιλάνθρωπος
471 1514 503 1578 έν
524 1519 569 1601 τῷ
591 1510 677 1596 ήμῶν
699 1512 932 1599 παραπτώματι
953 1511 1126 1622 γενόμενος
1145 1512 1323 1595 ἄνθρωπος,

215 1610 268 1668 καὶ
291 1605 539 1710 συγκατακρίνας
560 1597 635 1683 ήμῖν
655 1599 768 1666 ἑαυτὸν
789 1600 955 1682 ἑκουσίως,
993 1595 1010 1665 6
1032 1598 1138 1681 μόνος
1162 1598 1323 1684 ἐλεύθερος

53 1717 102 1758 σοι.
113 1713 206 1757 ιωπιει
215 1695 269 1755 καὶ
298 1684 529 1770 ἀναμάρτητος,
560 1691 613 1750 καὶ
641 1684 697 1797 τήν
727 1686 760 1751 ἐκ
790 1686 946 1796 σωμάτων
972 1711 1026 1770 γεν
1044 1684 1051 1773 Ι
1071 1689 1217 1766 νηθῆναι
1239 1709 1322 1755 κατα-

216 1773 384 1857 δεξόμενος
410 1775 570 1880 γέννησιν,
605 1771 637 1835 ἐν
666 1766 686 1864 ᾗ
707 1771 743 1838 τό
766 1769 883 1857 κρότος
904 1769 1023 1856 ύπήρχε
1044 1777 1099 1852 τῆς
1122 1768 1217 1856 ήμῶν
1239 1795 1323 1836 κατα-

215 1866 365 1944 κρίσεως,
400 1856 454 1938 τήν
487 1857 520 1921 ἐν
551 1857 704 1942 πνεύματι
735 1864 912 1968 μυστικῶς
924 1856 1142 1966 διωρθώσατο
1175 1861 1324 1966 γέννησιν,

215 1953 269 2013 καὶ
298 1949 351 2026 τής
379 1948 558 2053 σωματικῆς
585 1944 755 2027 γεννήσεως
777 1941 912 2022 λύσας
897 1950 976 2029 υπέρ
999 1940 1088 2051 ήμῶν
1109 1944 1145 2009 ἐν
1170 1944 1274 2033 ἐαυτῷ
1293 1941 1323 2006 τύ

215 2031 316 2116 δεσμὰ
345 2027 523 2096 δέδωκεν
506 2041 581 2114 ημιν
610 2031 759 2106 ἐξουσίαν
789 2030 841 2096 διὰ
871 2036 925 2111 τής
951 2028 1030 2096 κατὰ
1063 2038 1194 2114 πνεῦμα
1227 2009 1325 2114 γέννή-

216 2145 296 2196 σεως
329 2116 408 2182 κατὰ
443 2121 591 2197 θέλησιν,
626 2121 716 2182 τέκνα
749 2115 883 2184 θεοῦ
863 2123 932 2183 αντὶ
960 2115 1080 2228 σαρκός
1108 2123 1167 2182 καὶ
1197 2118 1326 2202 αἵματος

216 2211 367 2316 γενέσθαι
396 2214 465 2280 τοῖς
491 2203 698 2270 πιστεύουσιν
725 2204 771 2280 είς
798 2203 834 2269 τό
866 2202 969 2287 ἀναμα
998 2200 1107 2268 αύτού.
1161 2203 1325 2291 Σαίρκωσις

218 2286 274 2360 ούν
300 2296 353 2356 καὶ
384 2288 544 2374 σωματικὴ
570 2289 728 2374 πρότερον
750 2296 804 2371 τῆς
825 2290 900 2373 ἐμής
923 2289 1012 2355 ἕνεκα
1035 2300 1259 2372 κατακρίσεως
1279 2288 1324 2355 ἐπὶ

219 2383 275 2444 τού
303 2383 412 2464 κυρίου
440 2376 706 2460 παρηκολούθησε
734 2381 891 2460 γέννησις,
927 2382 981 2441 καὶ
1011 2376 1111 2452 ούτως
1143 2373 1161 2456 6
1194 2374 1248 2440 διά
1274 2377 1324 2439 τοῦ

217 2471 438 2571 βαπτίσματος
465 2463 498 2528 ἐν
524 2463 678 2547 πνεύματι
706 2469 968 2573 παραλειφθεισα
996 2462 1243 2542 ἐπηκολούθησε
1263 2465 1324 2546 γέν·

219 2574 321 2633 νησις,
350 2546 429 2633 ύπέρ
457 2554 510 2629 τής
539 2550 622 2660 ἐμής
642 2548 720 2613 κατὰ
747 2548 843 2635 χάριν
865 2556 1021 2663 σωτηρίας
1042 2554 1097 2614 καὶ
1119 2545 1324 2629 ἀνακλήσεως,

221 2637 239 2719 ίή
260 2641 459 2738 σαφέστερον
480 2635 580 2701 εἰπεῖν
602 2633 824 2712 ἀναπλυίσεως
865 2630 920 2701 οἶα
941 2634 1159 2712 συνάπτοντος
1179 2641 1272 2748 περὶ
1278 2631 1324 2717 έμέ

221 2728 277 2790 τού
304 2719 384 2787 θεοῦ
411 2719 468 2786 τόν
495 2746 527 2786 τε
555 2727 612 2787 τού
640 2717 722 2787 εἶναι
743 2748 806 2805 μου
829 2721 1002 2806 λόγονκαὶ
1024 2721 1079 2787 τόν
1102 2726 1162 2786 τού
1184 2715 1221 2788 εὖ
1226 2715 1324 2829 εἶναι,

221 2817 274 2877 καὶ
302 2809 355 2886 τήν
383 2811 550 2891 γενομένην
571 2835 636 2913 παρ
668 2809 747 2892 ἐμοί
768 2807 885 2876 τούτων
906 2811 1165 2884 ένοποιούντος
1156 2807 1258 2892 τομήν
1278 2811 1324 2873 καὶ

221 2895 405 2973 διάστασιν,
427 2899 481 2957 καὶ
504 2893 555 2958 ἀιά
579 2895 697 2960 τούτων
706 2893 800 3005 πρός
821 2893 877 2960 τόν
899 2900 956 2960 τού
977 2892 1027 2960 ἀεὶ
1049 2889 1133 3005 εΙναι
1157 2894 1258 2978 λόγον
1274 2918 1324 2961 σο·

223 2987 291 3068 φῶς
312 2978 569 3058 συνελαύνοντος,
592 2978 707 3046 καθΗ
694 2978 732 3046 ἀν
754 2979 858 3048 ούκέτι
880 2982 917 3047 τό
937 2985 1046 3067 φέρειν
1067 2980 1136 3046 ἐστι
1160 2986 1218 3047 καὶ
1240 2985 1326 3066 φέρε·

223 3075 305 3136 σθαι
326 3072 401 3151 περὶ
423 3063 479 3131 τὸν
500 3064 692 3153 ἀνθρωπον,
725 3068 885 3180 λαβούσης
905 3072 992 3144 τέλος
1012 3073 1087 3174 περὶ
1111 3065 1147 3131 τό
1172 3071 1325 3154 φέρεσθαι

223 3160 276 3236 τής
302 3157 364 3218 τῶν
391 3156 590 3264 φαινομένων
619 3155 806 3238 οἰκονομίας
834 3153 887 3219 διὰ
917 3159 970 3235 τής
989 3160 1126 3263 μεγαλης
1147 3160 1206 3219 καὶ
1228 3156 1327 3232 κοινῆς

223 3239 440 3322 ἀναστάσεως,
474 3240 519 3316 είς
556 3238 740 3306 ἀθανασίαν
746 3240 930 3346 γεννώσης
963 3239 1019 3306 τόν
1051 3237 1234 3321 ἀνθρωπον
1261 3235 1326 3307 καθ’

224 3330 359 3410 ὕπαρξιν
392 3324 625 3408 ἀναλλοίωτον,
661 3324 700 3392 66
734 3323 771 3393 ἀν
804 3332 866 3392 τόν
922 3330 1096 3438 αινομένων
1124 3325 1142 3406 6
1175 3327 1272 3413 φύσις
1295 3322 1325 3390 τό

224 3409 304 3482 εἶναι
333 3411 411 3477 κατά
442 3417 564 3496 γένεσιν
591 3413 717 3498 είληφε,
746 3419 800 3478 καὶ
826 3419 893 3522 μεθ
937 3406 977 3479 06
1004 3412 1139 3496 λήψεται
1163 3414 1275 3526 χάριτι
1295 3408 1325 3476 τό

224 3528 283 3567 κατ
319 3495 432 3565 ούσίαν
459 3498 502 3582 μή
531 3503 744 3584 φθείρεσθαι.
794 3497 880 3565 Ἀλλ
910 3501 938 3565 εί
968 3503 1060 3565 δοκεῖ
1075 3503 1139 3564 τῶν
1163 3501 1327 3585 εἰρημένων

224 3614 281 3654 κατ
320 3586 491 3694 ἐπιτομὴν
506 3585 750 3669 ἐπιμνησθέντες
782 3586 835 3665 τήν
867 3585 1014 3692 δύναμιν,
1049 3586 1327 3695 κεφαλαιώσωμεν·
1366 3608 1368 3613 ’

217 3674 352 3759 ’Έχομεν
388 3672 443 3750 τήν
478 3671 511 3737 ἐκ
545 3673 699 3756 σωμάτων
722 3676 881 3780 γέννησιν
898 3677 954 3738 τοῦ
982 3677 1125 3756 σωτήρος
1152 3669 1246 3752 ήμῶν
1272 3697 1321 3738 κατ

225 3763 371 3826 ἐπίνοιαν
386 3760 660 3867 διαιρεθεῖσαν’
632 3784 677 3835 εις
696 3759 750 3823 τόν
768 3759 1005 3870 προηγούμενοι
1023 3763 1075 3838 τῆς
1094 3759 1225 3841 φύσεως
1242 3759 1327 3843 λόγον

226 3853 278 3912 καὶ
296 3846 342 3921 εἷς
360 3844 415 3908 τόν
434 3850 489 3909 νύν
506 3837 637 3921 αὖθις
618 3845 802 3952 υπόρχοντα
820 3843 929 3910 καθΗ
913 3849 1001 3927 ημᾶς,
1025 3842 1109 3920 εἷς
1088 3871 1126 3909 ον
1146 3845 1326 3926 ἐτελεύτησε,

227 3939 286 3997 καὶ
302 3931 397 3995 πόλιν
419 3931 465 4006 είς
486 3927 542 3995 τόν
564 3929 642 3996 κατά
665 3932 762 4015 φύσιν
784 3936 836 4011 τῆς
857 3936 1005 4016 γενέσεως
1026 3930 1126 4014 λόγον
1144 3939 1201 3997 καὶ
1221 3934 1268 4010 εἷς
1283 3930 1328 3996 τόν

229 4024 280 4096 τῆς
301 4018 470 4101 γεννήσεως
492 4017 629 4129 τρόπον,
650 4022 778 4104 προςέτι
801 4044 835 4101 γε
853 4017 985 4102 μήνκαὶ
1003 4018 1048 4093 εἷς
1066 4016 1328 4128 τούςδιαηιόροις

229 4103 365 4213 τρόπους
388 4108 440 4182 τῆς
461 4103 526 4168 κατ’
546 4101 659 4170 ούσίαν
677 4108 825 4214 γενέσεως
845 4110 897 4185 τῆς
912 4109 1014 4189 ψυχῆς
1030 4109 1084 4169 καὶ
1103 4109 1163 4169 τού
1180 4105 1328 4189 σώματος,

69 4224 110 4264 coa
130 4218 220 4262 τνενι
229 4195 282 4255 καὶ
302 4188 563 4274 προςεπιτούτοις
574 4189 621 4300 Ι
593 4216 638 4266 εις
655 4191 708 4271 τήν
727 4189 800 4255 ἀνευ
805 4196 941 4300 σπορᾶς
954 4190 1110 4298 σύλληψιν
1125 4198 1180 4257 καὶ
1199 4192 1255 4273 τήν
1267 4190 1329 4256 ἀνευ

230 4280 360 4361 φθορᾶς
387 4280 537 4359 γέννησιν
585 4274 695 4361 Ἐφ’ε
680 4289 752 4361 υμῖν
782 4269 837 4342 ούν
866 4278 952 4343 ἐστιν
979 4273 1021 4352 ὡς
1048 4290 1175 4362 κριταῖς
1203 4284 1329 4352 δικαίοις

231 4365 292 4428 τιύν
313 4367 501 4446 λελεγμένων
524 4363 717 4447 ἐπιβολῶν
703 4370 843 4451 εγκρίναι
866 4363 920 4444 τήν
941 4370 1114 4447 κρείττονα
