2752 4778
1076 198 1149 277 823

10 398 104 458 aqua
127 384 208 442 inest
230 381 366 440 essentia
390 386 524 441 struatur
547 388 703 442 eteorum
728 398 807 458 quae
828 397 888 444 uon
911 383 1061 444 eiusmodi
1078 392 1151 446 sunt

10 467 211 529 ‚differentia
246 466 416 526 deliniatur.
484 467 545 527 lam
581 484 653 526 vero
689 472 780 529 etiam
817 471 843 528 si
873 471 1019 545 embryon
1049 475 1150 532 anima

39 555 213 631 praeditum
247 569 319 613 esse
352 569 371 612 a
407 554 533 613 veritate
569 554 666 614 coacti
702 553 789 636 (nam
820 557 929 615 acriter
958 572 1012 615 vos
1041 573 1151 634 urgere
1198 571 1203 581 ·

10 659 120 718 :opus
143 644 203 717 est)
232 639 379 709 statuitis,
415 653 474 713 qua
496 646 527 699 et
549 640 630 714 quali
653 641 727 712 isla,
761 647 791 702 et
814 641 965 716 quomodo
989 644 1152 704 observata

10 732 94 788 aaut
128 725 282 803 appellata
312 727 528 786 convenienter
557 726 693 800 sequitur
720 732 753 787 ut
783 728 929 789 doceatis.
995 729 1095 803 Atque
1125 730 1149 787 si

10 813 139 874 .solam
168 813 241 873 illud
272 812 425 870 nutriendi
456 817 485 870 et
515 814 647 888 augendi
676 816 809 873 animam
840 815 952 873 babere
982 814 1148 888 affirmatis,

10 900 164 976 iplantae
192 899 321 959 alicuius
350 897 500 972 profecto,
531 915 592 957 non
622 899 771 973 bominis,
802 902 861 959 hac
890 901 1009 960 ratione
1039 917 1150 961 secun-

10 986 114 1050 :dum
138 1002 191 1044 vos
215 1001 327 1059 corpus
349 984 426 1042 illud
448 984 528 1058 quod
552 987 681 1044 nutritur
703 991 733 1044 et
754 992 884 1063 augetur
906 987 970 1045 erit.
1017 985 1052 1047 Et
1074 1004 1150 1064 quo-

10 1072 132 1137 fimodo
161 1072 285 1146 plantae
315 1076 400 1144 pater
428 1070 519 1130 homo
543 1071 583 1129 sit
604 1071 796 1149 intellegere,
828 1087 950 1147 quoquo
973 1073 1150 1133 considera-

16 1160 123 1221 tione
158 1164 275 1229 vertor,
311 1156 450 1230 equidem
487 1173 548 1215 non
584 1156 699 1231 liabeo,
737 1174 806 1217 cum
837 1160 874 1218 de
906 1159 1030 1217 bomine
1059 1160 1149 1234 plane

11 1245 236 1309 ‘existentiam
265 1242 433 1309 secundum
464 1249 603 1302 naturam
632 1261 693 1302 non
716 1242 837 1304 habeat.
896 1242 927 1301 Si
949 1250 1055 1303 contra
1077 1261 1150 1305 sen-

34 1331 159 1392 sualem
188 1330 287 1390 solam
315 1330 345 1388 in
376 1331 498 1403 embryo
531 1331 634 1389 inesse
668 1332 800 1390 animam
838 1333 1042 1404 asseveratis,
1078 1334 1147 1406 equi

10 1417 131 1494 aplane
163 1417 212 1475 vel
245 1415 330 1474 bovis
364 1414 412 1474 vel
441 1415 566 1473 alterius
598 1416 726 1476 alicuius
756 1416 930 1476 animalium
960 1420 1147 1478 terrestrium

10 1511 93 1571 :aul
122 1502 285 1562 volatilium
308 1503 441 1562 animam
462 1501 578 1560 habere
601 1504 745 1578 embryon
769 1503 807 1562 de
830 1504 1029 1577 conceptione
1050 1507 1147 1564 mani-

11 1590 215 1663 2festabitur,
237 1604 273 1647 ac
294 1586 461 1646 secundum
482 1592 622 1646 naturam
646 1588 779 1648 bominis
802 1604 855 1664 per
878 1606 932 1649 vos
951 1589 1042 1651 bomo
1060 1597 1148 1665 pater

10 1692 99 1747 ,uon
123 1677 195 1748 erit,
226 1675 255 1733 in
279 1674 377 1749 prima
398 1676 677 1749 coagmentatione,
709 1674 765 1734 sed
786 1675 912 1750 plantae
933 1675 1078 1752 alicuius,
1104 1678 1146 1737 uti

10 1762 197 1833 ,dicebam
229 1758 278 1820 vel
308 1760 481 1819 animalium
508 1763 699 1821 terrestrium
729 1761 868 1821 alicuius.
923 1760 959 1819 Et
989 1763 1060 1835 quid
1087 1763 1148 1822 boc

10 1853 122 1909 ,esset
153 1846 318 1907 absurdius
348 1851 403 1906 aut
432 1846 619 1906 arrrentius‘l
656 1845 723 1906 Non
751 1849 831 1907 enim
860 1848 1029 1913 coexistere
1058 1849 1148 1923 plene

10 1951 107 2010 ,cum
136 1935 231 2009 prima
260 1948 366 1991 eorum
395 1947 473 2007 quae
497 1937 569 1990 sunt
591 1934 810 2009 compositione
833 1950 886 2007 pro
908 1935 1148 2008 uniuscuiusque

10 2020 168 2097 ,naturali
197 2017 364 2078 differentia
392 2019 529 2092 proprios
559 2021 714 2078 extantiae
746 2019 822 2079 fines
857 2035 1053 2089 asseverare,
1087 2020 1147 2081 boc

10 2108 140 2184 {omnia
172 2107 249 2166 iuter
283 2122 318 2165 se
352 2103 538 2163 confundere
572 2110 636 2174 est,
673 2111 765 2178 atque
798 2121 901 2164 eorum
933 2119 1011 2177 quae
1039 2111 1147 2165 extant

21 2193 154 2255 ¹nullum
183 2192 212 2251 id
243 2192 362 2266 proprie
391 2207 462 2250 esse
485 2189 566 2264 quod
589 2195 637 2249 est
658 2189 819 2250 affirmare.
876 2189 911 2248 Et
933 2192 1057 2266 gravius
1082 2208 1146 2251 ma·

10 2281 117 2356 glum,
140 2278 259 2337 divinae
283 2277 452 2352 sapientiae
476 2281 568 2351 atque
591 2278 751 2351 potestatis
775 2276 958 2336 calumniam
982 2278 1145 2341 maximam

10 2365 198 2426 ‚manifesto
219 2363 250 2422 id
272 2364 428 2423 continere
451 2364 639 2438 probabitur.
696 2361 773 2422 Nam
796 2364 822 2421 si
844 2363 984 2422 omnibus
1008 2379 1147 2438 quoquo-

10 2450 129 2529 modo
160 2451 360 2510 existentibus
385 2454 549 2521 autequam
574 2452 771 2523 procreentur
794 2448 963 2507 secundum
988 2449 1036 2507 dei
1058 2466 1147 2524 prae·

19 2538 240 2615 ,cognitionem
276 2536 398 2611 propria
432 2537 512 2594 inest
547 2536 664 2595 ratione
700 2533 862 2610 perfectio,
900 2540 1029 2610 apparet
1066 2536 1145 2610 quod

10 2625 127 2705 3elium
158 2624 248 2682 simul
278 2638 349 2680 cum
378 2622 541 2681 existentia
569 2621 741 2680 secundum
769 2621 921 2696 propriam
944 2622 1093 2680 rationem
1115 2624 1145 2683 iu

34 2711 185 2787 originem
208 2708 355 2784 producta
377 2707 465 2782 plene
488 2708 556 2784 ipsa
575 2709 684 2767 virtute
704 2712 734 2767 et
756 2709 876 2766 actione
899 2707 1056 2767 habebunt
1078 2724 1146 2783 per-

10 2796 207 2879 motionem.
256 2795 318 2854 lam
342 2793 369 2852 si
391 2793 534 2869 perfectio
557 2795 637 2854 inest
658 2794 827 2853 secundum
851 2793 901 2852 dei
922 2796 1146 2870 praecognitio·

10 2899 106 2966 ,uem
136 2883 166 2941 in
196 2882 287 2940 rebus
311 2879 528 2949 existentibus,
558 2879 613 2940 sed
635 2880 822 2955 imperfectio
844 2881 1012 2940 secundum
1035 2881 1146 2955 produ·

10 2956 169 3053 {ctionem
199 2969 228 3026 in
257 2967 510 3026 existentiamet
480 2968 703 3043 etorigiuem,
737 2966 769 3025 tit
792 2972 846 3026 aut
866 2972 901 3025 ut
922 2983 983 3025 non
1006 2968 1073 3041 ipsa
1095 2968 1146 3028 illa

10 3018 98 3141 :aiut
127 3069 207 3130 quae
237 3054 436 3129 praecognita
462 3057 548 3123 sunt,
521 3052 638 3111 sted
665 3053 726 3112 alia
750 3068 805 3126 pro
828 3051 911 3126 aliis,
949 3058 1003 3111 aut
1024 3060 1058 3112 ut
1080 3056 1145 3128 opi-

10 3103 100 3229 {bcis
123 3140 185 3200 hnc
214 3141 253 3200 sit
279 3137 442 3199 manifesta
470 3137 661 3199 imbecillitas
691 3142 782 3212 atque
810 3142 896 3212 apert
898 3153 933 3212 a,
964 3153 1034 3196 cum
1064 3139 1145 3213 quod

10 3214 206 3309 Εῑσουιιυᾱιιιυ
242 3226 519 3305 praecognitionem
555 3229 798 3302 praecognosset
785 3225 936 3282 tstatim
975 3239 1037 3283 una
1075 3240 1144 3287 cum

10 3314 232 3403 generatione
261 3311 430 3371 secundum
459 3312 551 3370 virtut
551 3327 599 3372 em
629 3317 660 3370 et
687 3312 836 3370 actionem
865 3310 907 3368 ita
933 3314 967 3369 ut
995 3311 1145 3372 essentia·

10 3366 102 3489 :liber
137 3403 343 3473 comparatum
383 3403 430 3456 est
465 3397 641 3472 plenissime
677 3401 908 3471 repraesentare
937 3412 997 3453 non
1027 3403 1143 3470 posset.

10 3454 122 3577 :Quae
151 3484 271 3560 quidem
300 3487 481 3560 argumenta
509 3482 742 3548 reformidantes
768 3484 794 3541 si
816 3482 855 3541 ad
877 3481 950 3541 illud
973 3486 1143 3543 extremum

10 3538 214 3663 :confugium
251 3571 386 3644 iniquum
421 3586 493 3630 esse
523 3569 676 3640 dicentes,
713 3569 794 3644 quod
823 3568 924 3650 imago
954 3573 1045 3641 atque
1072 3583 1142 3642 pars

10 3628 137 3753 :divina
161 3656 408 3734 (intellectualem
430 3657 472 3715 ita
494 3655 657 3756 appellatis
680 3655 826 3732 animam)
849 3671 917 3712 curu
941 3653 1075 3714 fluxione
1098 3660 1143 3714 at·

10 3714 94 3839 :que
125 3742 249 3806 sordida
277 3743 430 3817 voluptate
460 3743 563 3802 co'e‘xis
565 3747 626 3811 tat,
655 3746 685 3800 et
713 3739 874 3800 honestius
905 3755 977 3799 esse
1005 3744 1144 3802 statuen-

10 3804 107 3911 ¹¹dum
136 3835 207 3907 post
236 3829 441 3907 quadraginta
469 3828 675 3902 conceptionis
701 3827 796 3886 dies
789 3827 938 3885 insinuari
960 3825 1058 3900 illam,
1088 3842 1143 3886 na-

10 3888 123 3991 {turae
160 3915 298 3991 opificem
332 3917 435 3990 aperte
471 3913 649 3974 calumniari
683 3913 871 3987 videbimini,
912 3913 1142 3990 argueminique

10 3994 117 4099 quod
145 4001 332 4063 horrendum
362 4000 571 4076 blasphemiae
601 3998 707 4100 huius,
740 4014 819 4074 quae
848 3997 947 4072 palam
971 4004 1034 4072 est,
1063 4001 1144 4074 peri·

10 4062 137 4153 culum
161 4104 220 4147 uon
244 4094 358 4148 temere
382 4089 469 4147 subit
450 4093 498 4146 trs.
552 4084 626 4146 Nam
652 4087 676 4143 si
700 4085 925 4145 matrimonium
948 4084 1062 4144 malum
1085 4088 1142 4157 ast,

32 4178 115 4244 urla
130 4180 194 4249 est,
218 4179 252 4235 ut
269 4179 411 4250 apparet,
434 4172 580 4232 naturalis
601 4187 723 4246 quoque
738 4171 957 4247 procreationis
976 4170 1042 4230 lex:
1071 4176 1101 4231 et
1116 4173 1143 4231 si

29 4264 125 4331 mala-
138 4266 188 4323 cst
209 4276 247 4320 aa
270 4258 418 4320 naturalis
440 4259 659 4335 procreationis
682 4258 747 4328 lex,
770 4257 890 4319 etiam
884 4273 910 4315 rs
932 4256 1072 4319 videlicet
1091 4259 1141 4333 qui

23 4344 177 4415 daturam
196 4345 304 4416 effecit,
327 4361 364 4405 ac
380 4345 480 4421 legem
499 4343 680 4421 procreandi
700 4343 835 4417 videdit,
859 4342 1041 4489 ig1malitiae
1059 4343 1140 4419 apud
