2752 4778
1067 182 1138 259 201
1194 268 1197 273 ,

10 365 231 441 mundemus
265 366 357 427 deum
388 372 442 429 aut
467 367 643 429 aestimans.
695 366 790 427 ·Nihil
816 369 897 428 enim
926 376 1010 431 extat
1035 386 1141 432 eorum

36 493 37 501 ι
56 454 110 517 ι
131 454 322 533 cogitantur,
349 470 409 529 quo
431 471 486 530 per
507 454 685 514 relationem
707 453 839 530 aliquam
860 456 962 516 anima
984 458 1142 534 cogitatio-

124 556 216 601 suam
237 539 369 618 dirigere
390 542 502 616 possit,
539 539 594 600 sed
616 556 670 617 par
692 540 863 623 simplicem·
890 541 1015 623 (quippe
1036 541 1142 604 habitu

13 659 29 718 4
48 671 49 674 ι
71 670 74 675 -
94 626 242 688 relatione
269 632 443 707 vacantem)
477 627 660 697 unitionem,
700 643 780 702 quae
809 629 934 704 cogitari
961 645 1022 689 non
1051 631 1141 706 capit,

21 723 42 762 'a
81 711 267 777 ineffabilem
288 713 444 787 quandam
467 719 497 773 et
518 711 602 773 haud
624 713 837 790 vestigabilem
858 715 1023 790 rationem,
1050 730 1141 791 quam

44 798 118 863 ·lus
146 800 230 860 norit
249 798 337 859 -rieus
368 801 418 874 qui
447 792 679 860 inenarrabilem
701 799 783 860 hanc
806 802 935 877 gratiam
957 801 1058 880 dignis
1081 802 1143 862 lar-

49 890 127 963 ιῑιιι,
156 892 187 947 et
217 887 269 961 qui
298 902 366 947 eam
390 885 554 962 aliquando
577 886 731 962 accepturi
753 890 841 962 sunt,
874 888 995 965 quaudo
1018 905 1144 948 eonver-

45 987 119 1035 'me
141 978 172 1035 et
189 974 403 1034 immutatione
426 974 509 1033 omni
530 974 632 1033 omnia
654 971 823 1047 vacabunt,
854 981 1018 1050 postquam
1039 992 1143 1037 rerum

48 1073 62 1144 j,
80 1074 111 1120 se
125 1060 278 1120 ”existunt
306 1060 474 1134 quaelibet·
487 1061 569 1119 circa
591 1059 755 1134 quidquam
780 1061 871 1120 motio
892 1078 1019 1138 prorsus
1042 1064 1144 1123 termi-

83 1172 98 1199 ιι
126 1146 279 1205 invenerit
299 1146 476 1207 intinitatem
499 1145 591 1206 deum
614 1147 826 1220 comitantem,
849 1148 879 1205 in
904 1163 964 1221 qua
987 1162 1144 1223 quuecun-
1216 1164 1220 1171 ’

52 1237 403 1307 2·emotanturstat11m
427 1236 562 1292 sumunt.
607 1231 675 1292 lure
698 1232 836 1307 quidem,
860 1228 1002 1310 arbitror,
1026 1236 1144 1312 gravis-

53 1335 141 1381 ιιιοιιι
162 1323 299 1378 meretur
320 1318 590 1395 reprehensionem
614 1320 665 1394 qui
681 1320 953 1394 praeexistentiam
973 1322 1143 1383 animarum

47 1407 151 1498 tuit,
183 1405 327 1485 gentilem
356 1407 388 1464 in
412 1405 535 1465 modum
558 1406 762 1465 commiscens
786 1421 866 1480 quae
888 1423 906 1465 a
929 1404 1160 1475 commixtione'

43 1490 196 1553 horrent
226 1498 256 1552 et
285 1492 456 1553 secundum
480 1493 683 1571 substantiam
705 1497 935 1568 contemperare
958 1510 1026 1554 cum
1049 1511 1144 1572 gene-

37 1580 149 1641 ttone
170 1579 363 1639 rationalium
388 1583 501 1640 statum
526 1593 682 1639 asserens.
740 1578 845 1654 Neque
867 1581 949 1639 enim
972 1583 1145 1657 generatio·

23 1687 31 1741 p
57 1690 94 1719 ,n
124 1670 196 1726 ante
220 1670 349 1740 statum,
373 1680 454 1739 quae¹
475 1664 636 1726 immobilis
660 1663 770 1725 natura
790 1667 843 1737 sit,
873 1673 926 1726 aut
944 1671 1056 1728 statum
1074 1674 1144 1744 post

19 1743 24 1774 ³
37 1750 215 1813 ιιιιιυϋὶΙοιιι
245 1753 491 1830 generationem,
527 1756 580 1811 aut
609 1751 740 1826 denique
769 1768 831 1811 una
852 1768 922 1812 enm
945 1756 1143 1831 generatione

18 1842 146 1913 fetatum
168 1839 304 1915 cogitare
326 1839 451 1898 rationis
475 1838 592 1897 veritati
615 1839 764 1913 competit.
822 1837 886 1896 Non
910 1841 992 1900 enim
1014 1840 1143 1902 facultas

14 1918 239 2005 generationis
263 1930 312 1985 est
334 1930 451 1996 status,
475 1923 555 1991 adeo
576 1930 610 1984 ut
629 1941 696 1984 cum
721 1926 917 2001 generatione
940 1942 1144 2002 eorumquae

26 2012 112 2073 tacta
141 2016 215 2071 sunt
242 2026 304 2071 una
333 2011 499 2089 cogitetur,
535 2010 590 2070 sed
613 2010 809 2071 facultativae
832 2027 936 2071 eorum
961 2014 1144 2086 quaefacta

26 2103 104 2161 sunt
127 2097 332 2176 generationis
356 2098 486 2157 actionis
509 2097 578 2156 finis
602 2102 703 2171 extat3
733 2112 770 2155 ac
791 2096 981 2174 simpliciter,
1012 2103 1045 2158 ut
1067 2114 1157 2173 pau·¹
1187 2088 1196 2102 ’

27 2186 75 2247 eis
104 2182 281 2265 absolvam,
315 2185 349 2242 si.
372 2199 477 2244 eorum
507 2188 555 2244 est
584 2186 684 2243 status
707 2195 786 2256 quae
809 2182 848 2242 ad
870 2182 941 2257 quid
965 2190 1051 2259 sunt,
1082 2201 1143 2246 nou

26 2270 71 2333 ad
101 2264 348 2349 generationem,
380 2269 435 2330 sed
465 2270 503 2331 ad
533 2271 696 2330 motionem
724 2283 795 2327 esse
825 2269 947 2339 dicitur,
982 2269 1020 2329 ad
1051 2285 1142 2345 quam

27 2357 124 2421 etlam
151 2354 349 2418 differentiam
373 2352 467 2432 capit,
497 2356 570 2415 dum
595 2355 634 2416 ad
657 2357 888 2433 generationem
911 2354 1032 2431 quidem
1055 2357 1144 2417 mini-

27 2460 82 2507 me
101 2443 246 2518 refertur,
276 2442 315 2503 ad
345 2446 436 2517 quam
460 2441 577 2503 differre
599 2442 681 2502 baud
705 2444 794 2516 capit.
839 2440 943 2503 Donec
968 2444 1059 2520 igitur
1080 2448 1144 2505 stn-

27 2536 100 2601 tum
126 2530 235 2603 audio,
266 2528 364 2595 solum
395 2530 600 2590 cessationem
631 2529 773 2588 motionis
803 2527 957 2606 intellego.
1009 2527 1041 2587 Si
1071 2546 1143 2589 vero

28 2606 203 2679 secundum
232 2616 425 2676 existentiam
455 2616 612 2692 generatio
640 2621 671 2675 et
697 2618 796 2675 status
820 2631 881 2674 non
904 2620 1144 2691 contemporant,

28 2700 195 2765 mauliesto
218 2703 355 2762 veritatis
377 2703 527 2764 rationem
549 2701 701 2762 adulterat
721 2701 748 2762 is
771 2703 820 2776 qui
843 2701 903 2761 hoc
920 2701 1076 2779 praedicat
1098 2708 1145 2764 at·

29 2804 93 2868 qua
113 2791 264 2850 unitatem
285 2788 468 2850 immobilem
491 2806 554 2850 una
578 2805 647 2849 cum
670 2789 867 2864 generatione
889 2795 961 2849 ante
983 2786 1144 2850 rationalia

27 2876 241 2955 praeexistere
263 2877 378 2936 statuit.
426 2875 465 2935 At
487 2877 513 2935 si
537 2877 605 2949 quis
627 2874 724 2951 dicat,
754 2873 791 2934 Et
813 2875 965 2949 quomodo
983 2876 1043 2936 deo
1060 2877 1145 2937 attri·
1180 2948 1184 2955 ¹

29 2962 134 3025 buitur
156 2966 274 3034 status,
300 2977 370 3023 cum
394 2963 557 3022 motionem
581 2967 652 3021 ante
675 2977 709 3021 se
730 2962 831 3036 ipsum
855 2962 980 3038 cogitari
1002 2979 1067 3023 non
1088 2962 1144 3023 ad-

28 3047 142 3111 mittit?
164 3040 309 3127 ”primurn
343 3048 464 3123 quidem
497 3047 687 3127 respondeo,
724 3046 790 3107 Non
810 3046 900 3108 idem
931 3048 1068 3108 conditor
1096 3052 1144 3110 est

29 3140 125 3213 atque
154 3135 302 3206 conditio,
332 3139 366 3195 ut
395 3135 476 3210 qnod
504 3136 558 3194 nni
580 3137 683 3195 inesse
706 3138 822 3209 potest,
853 3135 1027 3194 necessario
1051 3134 1143 3194 etiam

27 3224 62 3284 in
92 3221 187 3289 altero
215 3235 278 3281 una
308 3222 464 3281 observari
496 3227 605 3295 queat,
638 3219 758 3295 quando
786 3221 829 3279 ita
853 3218 975 3294 quidem
997 3219 1143 3279 naturalis

10 3370 12 3375 .
52 3324 142 3369 orum
170 3306 338 3369 differentia
368 3306 544 3368 nullomodo
567 3307 729 3369 manifesta
752 3306 822 3365 erit:
860 3304 986 3389 deinde,
1017 3311 1050 3364 ut
1071 3322 1144 3382 pro·

10 3302 249 3551 &diem
286 3393 362 3454 deus
396 3408 496 3468 neque
526 3398 664 3454 movetur
694 3393 818 3454 omnino
850 3406 949 3466 neque
980 3395 1041 3452 stat
1069 3392 1144 3473 (hoc

28 3486 81 3543 aa·
143 3496 247 3541 eorum
271 3485 319 3541 est
339 3480 494 3557 peculiare
517 3495 596 3555 quae
618 3479 797 3541 naturaliter
820 3479 981 3539 terminata
1004 3483 1074 3539 sunt
1098 3483 1143 3538 at·

35 3594 40 3621 ·
59 3571 103 3618 ιιῑ
115 3566 230 3629 initium
254 3567 435 3628 existentiae
455 3564 598 3648 habent),
629 3582 728 3642 neque
746 3565 912 3640 quidquam
931 3565 1055 3626 omnino
1073 3565 1145 3626 iacit

28 3657 88 3716 aut
130 3655 220 3715 titur
242 3667 446 3729 quaecunque
468 3670 524 3728 per
545 3671 601 3713 nos
625 3654 796 3730 cogitantur
816 3651 854 3711 de
877 3668 913 3711 eo
937 3656 967 3711 et
991 3650 1141 3725 dicuntur,

24 3754 100 3820 pro·
154 3755 191 3801 aa
227 3740 308 3816 quod
344 3739 522 3801 naturaliter
556 3755 677 3800 ornnem
715 3743 746 3798 et
774 3739 939 3798 motionem
969 3743 999 3797 et
1027 3742 1143 3801 statum
1188 3734 1193 3747 '

25 3832 172 3903 superi,
202 3841 301 3903 neque
330 3826 394 3887 ulla
410 3827 539 3893 ,ratione
567 3830 691 3886 nostrae
719 3828 849 3885 naturae
873 3823 971 3884 modis
995 3824 1140 3884 subiacet

24 3911 117 3974 llaec
131 3906 195 3995 ¹{er
210 3912 445 3991 -uigressionem
475 3913 555 3974 dieta
585 3914 644 3972 sint
674 3911 712 3972 de
736 3927 772 3972 eo
796 3910 876 3986 qnod
899 3910 974 3969 nibil
995 3912 1025 3969 in
1049 3910 1142 3972 rebus

70 4412 81 4459 .)
108 4389 126 4429 ι.
143 4370 291 4443 ὒμᾶςοοά.
310 4375 376 4427 (iud.
