2768 4784
139 420 198 479 que
221 403 344 465 cbristo
372 411 631 475 consentaneam,
667 404 732 462 sive
755 402 908 478 habitum,
939 405 1118 481 extinguere
1139 407 1252 468 huosa

140 495 309 562 conantur,
339 493 391 566 qui
421 507 522 552 sermo
551 489 672 569 divinus
700 505 756 565 per
783 504 885 550 acrem
914 489 953 549 de
981 490 1139 552 voluntale
1160 495 1252 554 animi

141 577 238 636 nostri
265 577 436 638 firmitatem
466 582 614 650 tauquam
638 591 694 650 per
715 576 827 635 nubem
850 575 948 636 levem
971 576 1010 636 ad
1032 583 1171 638 nostram
1192 579 1254 640 Aa·

142 669 268 740 gyptum
297 663 431 739 accedit,
466 678 590 724 caruem
619 662 758 735 iuquam,
784 667 818 721 et
846 667 963 723 motus·
977 663 1045 722 eius
1074 671 1104 725 et
1127 663 1253 726 adiectus

140 749 234 810 veluti
262 749 449 810 simulachra
477 748 629 825 quaedam
651 747 826 807 maauiacta
839 748 982 808 -concutit
1004 755 1095 824 atque
1117 750 1156 810 dc
1178 752 1253 812 sede

142 850 199 896 sua
222 835 314 897 deicit
336 843 367 896 et
387 837 427 896 ab
449 837 553 896 anima
576 834 668 910 plane
690 833 825 909 repellit,
859 835 1046 911 remotisque
1068 839 1252 914 imaginibus

141 923 170 981 ia
199 937 237 983 se
263 923 381 999 ipsum,
414 927 448 983 ut
476 922 582 995 decet,
611 919 820 981 adorationem
843 921 1020 981 transducit.
1074 921 1139 983 Hoc
1160 926 1254 1002 igitur

142 1007 233 1068 modo
261 1024 320 1069 uos
350 1025 419 1069 cum
442 1008 562 1068 Christo
581 1009 829 1085 persecutionem
850 1008 984 1083 patiente
1006 1009 1087 1068 bene
1107 1009 1264 1087 fugimus,

141 1095 181 1155 de
205 1094 302 1172 trigae
331 1110 401 1155 cum
431 1111 468 1153 eo
498 1094 643 1155 consortii
674 1093 835 1152 vexatione
866 1099 976 1168 spaute
997 1101 1142 1171 suscepta
1164 1112 1252 1173 prae-

142 1180 256 1241 claram
271 1182 471 1257 ,accipientes
500 1179 671 1241 mercedem
700 1179 985 1255 impassibilitatem.
1039 1179 1156 1241 Rursus
1179 1200 1251 1244 vero

142 1266 294 1328 Christum
323 1283 362 1327 ex
385 1268 523 1345 Aegypto
550 1282 733 1326 revocamus
760 1265 832 1324 dum
856 1265 989 1325 divinum
1012 1267 1041 1325 in
1066 1268 1153 1327 nobis
1175 1269 1251 1328 diiu-

141 1351 302 1414 dicationis
331 1370 506 1415 sermonem
534 1351 692 1413 aiieclibus
715 1351 855 1427 expulsis
880 1356 910 1412 et
932 1354 1070 1422 enecatis
1091 1370 1152 1413 non
1174 1356 1252 1431 pati·

142 1455 208 1501 mur
237 1440 445 1516 imprudenter
474 1455 600 1515 operam
623 1437 697 1498 dare
719 1438 835 1498 artibus
857 1438 1007 1498 adversus
1030 1455 1067 1498 ea
1090 1455 1170 1516 quae
1191 1457 1250 1502 non

142 1529 214 1586 suut
242 1526 455 1601 molientibus,
482 1541 582 1601 neque
611 1540 735 1585 caruem
762 1533 936 1586 sermonem
964 1525 994 1584 iu
1025 1527 1252 1604 uobismetipsis

141 1611 240 1675 solum
273 1613 375 1689 potius
409 1627 498 1688 qaam
531 1606 562 1670 iu
592 1611 701 1672 ceteris
732 1611 782 1685 qui
811 1627 882 1671 cum
911 1611 999 1671 uobis
1030 1619 1253 1674 conversantur
1313 1637 1316 1641 ·

141 1698 270 1777 agnosci
293 1699 430 1783 sinimus
475 1697 570 1759 immo
593 1697 720 1774 pulchre
742 1701 774 1770 et
791 1697 939 1775 religiose
956 1698 986 1757 iu
1006 1699 1123 1766 activae
1140 1716 1252 1760 secun-

141 1784 212 1846 dum
238 1785 432 1845 vexationem
458 1783 673 1860 philosophiae
694 1783 799 1842 tarmis
823 1800 878 1860 per
899 1785 1028 1844 virtutes
1050 1787 1253 1861 praeinstituti

140 1870 348 1932 ascendamus
378 1887 417 1930 ex
445 1872 482 1930 iis
512 1887 566 1946 per
597 1869 885 1945 contemplationem
914 1870 954 1929 ad
983 1887 1088 1933 eorum
1123 1889 1250 1948 quarum

139 1959 256 2021 turmae
276 1957 358 2019 istae
381 1963 417 2028 at,
433 1955 583 2036 imagines
607 1958 681 2017 sunt
702 1957 923 2034 cognitionem,
948 1958 1042 2017 veluti
1060 1958 1252 2036 dedegypto

140 2043 244 2121 ahqua
277 2044 310 2105 iu
344 2043 490 2106 Iudaeam
523 2043 652 2121 pulchre
680 2042 884 2103 ascendeutes
914 2045 1102 2120 comitesque
1129 2050 1251 2105 nostros

140 2129 309 2193 ascendere
337 2131 539 2201 instruentes,
572 2136 602 2189 et
631 2131 670 2190 de
701 2129 801 2190 caruis
830 2130 981 2204 sermonis
1009 2131 1091 2206 quod
1113 2131 1251 2193 Christus

139 2217 179 2279 sit
206 2208 383 2297 cognitione
410 2234 465 2295 per
494 2216 626 2277 activam
656 2215 918 2294 transgrediamur
944 2215 983 2276 ad
1014 2215 1160 2294 gloriam,
1192 2215 1251 2278 hoc

139 2307 188 2365 cst
215 2302 256 2367 ad
283 2304 433 2382 unigeniti
462 2303 544 2379 apud
572 2307 689 2379 patrem
713 2318 805 2363 suum
829 2303 1042 2379 coguitionem
1095 2301 1251 2380 lta⁴prae-

139 2389 223 2452 clare
251 2389 362 2467 aliquis
393 2395 486 2465 atquc
513 2389 564 2466 pie
584 2405 663 2450 cum
692 2388 811 2449 Christo
838 2390 1085 2464 persecutionem
1117 2391 1250 2466 patiente

139 2476 233 2557 tagit,
263 2481 294 2537 et
321 2477 364 2537 ita
392 2467 501 2537 rursu‘s
531 2471 600 2537 eur'a
630 2479 752 2536 revocat
774 2475 813 2534 de
835 2478 936 2536 activa
957 2475 996 2535 ad
1020 2478 1249 2553 contemplatio-

126 2575 210 2627 ‘ucat
242 2567 273 2623 et
302 2563 508 2641 cognitionem
536 2561 782 2641 transgrediens,
813 2563 915 2643 omnia
944 2578 1012 2623 cum
1037 2579 1179 2622 sermone
1201 2580 1251 2624 se·

138 2648 273 2712 cundum
302 2664 474 2711 sermonem
503 2648 619 2731 iaciens
648 2665 704 2725 pro
733 2663 883 2708 sannone.
937 2647 980 2708 Ne
1010 2655 1112 2711 autem
1133 2652 1250 2711 mireris

139 2734 221 2811 quod
244 2735 403 2814 Aegyptus
432 2737 464 2795 in
493 2736 697 2819 vexationem
714 2734 884 2796 secundum
914 2737 1054 2797 virtutem
1082 2737 1250 2799 institutam

136 2821 188 2883 hic
220 2825 320 2883 tracta
352 2829 418 2893 cst,
452 2821 507 2882 sed
541 2821 699 2900 diligenter
713 2820 715 2823 ’
731 2837 768 2885 ea
801 2821 963 2884 considera
991 2837 1070 2899 quae
1097 2824 1128 2883 in
1157 2826 1250 2886 veteri

135 2912 324 2971 testamento
346 2914 527 2979 narrantur,
551 2908 702 2983 quomodo
726 2924 786 2968 uon
811 2909 910 2969 solum
932 2909 1077 2972 lsraelem
1100 2910 1153 2970 iila
1174 2911 1251 2972 late-

137 2995 228 3059 ribus·
250 2992 445 3055 conficiendis
475 2996 648 3068 vexaverit,
677 2994 733 3055 sed
755 2996 841 3070 ipsos
864 2995 1031 3072 Aegyptios
1055 3012 1174 3072 quoque
1197 3015 1251 3074 per

135 3078 252 3159 htoysis
274 3081 493 3157 protectionem
511 3082 540 3141 iu
560 3082 713 3140 interitum
732 3082 925 3155 cruciaverit,
950 3080 1148 3142 vexationem
1168 3087 1249 3144 enim

137 3171 168 3227 ct
194 3168 360 3238 tenebras,
387 3169 430 3228 uli
460 3166 536 3238 dixi,
565 3169 739 3245 Aegyptum
769 3167 1041 3244 interpretantur.·
1067 3166 1172 3228 Omnis
1195 3187 1250 3230 au·

136 3256 206 3337 tem·
219 3254 385 3330 probabilis
407 3255 615 3329 interpretatio
637 3255 704 3333 eius
727 3253 810 3333 quod
838 3255 897 3314 sub
927 3268 962 3313 se
990 3252 1072 3336 cadit
1098 3259 1161 3315 tarn
1184 3254 1251 3316 iau-

137 3336 283 3401 dabilem'
299 3336 480 3421 plerumque
510 3355 602 3416 quam
632 3339 863 3416 vituperabilem
886 3355 941 3415 per
964 3340 1248 3416 contemplationem
1280 3339 1285 3349 '

136 3425 267 3489 admittit
288 3426 514 3505 cogitationem.
559 3425 645 3500 Quod
665 3426 810 3487 sicaruis
829 3426 908 3486 bene
926 3425 1055 3487 valentis
1076 3431 1106 3505 et
1121 3428 1250 3507 pingue-

134 3513 253 3591 scentis
283 3513 478 3589 passionibus
507 3513 609 3572 anima
637 3514 789 3573 cruciatur
817 3517 846 3571 et
874 3513 1072 3584 obscuratur,
1105 3515 1249 3576 viriatum

138 3603 221 3659 statu
249 3601 280 3660 et
306 3600 491 3676 cognitionis
520 3598 740 3660 illuminatione
769 3599 1000 3669 recedentibus,
1033 3600 1098 3676 pari
1128 3602 1250 3662 omuino

136 3684 246 3755 modo,
268 3686 313 3746 ati
335 3686 772 3761 consequiturscumauirna
795 3684 898 3745 divina
919 3686 1061 3746 virtutum
1084 3687 1249 3762 pulchritu-

137 3770 207 3833 aine
231 3776 262 3831 et
282 3770 503 3832 illuminatione
526 3772 706 3853 cognitionis
725 3777 863 3832 servetur
881 3776 972 3846 atque
990 3772 1173 3843 illustretur,
1197 3790 1251 3834 ex-

136 3861 242 3918 ternus
271 3856 364 3917 homo
386 3860 477 3934 perit,
511 3856 583 3918 dum
614 3863 836 3933 sarapropter
864 3859 1015 3918 sermonis
1043 3861 1249 3936 praesentiam

135 3944 247 4005 bonam
270 3942 478 4005 habitudinem
503 3945 674 4004 naturalem
697 3944 802 4023 abicit,-
832 3944 861 4002 iu
886 3959 947 4017 qua
970 3945 1171 4019 delitescens,
1203 3947 1249 4005 vel

134 4031 237 4106 potius
268 4046 420 4105 regnans,
452 4046 579 4106 serpens
607 4032 638 4090 iu
662 4030 803 4090 umbilico
825 4034 951 4104 potens,
984 4031 1067 4090 velut
1087 4031 1180 4106 aliqui
1203 4049 1250 4093 re-

134 4132 203 4179 rum
224 4115 422 4192 pulchrarum
445 4117 609 4192 dissipator
632 4115 790 4176 invisibilis
814 4115 946 4186 Pharao,
969 4118 1110 4192 reptabat
1131 4124 1162 4178 et
1184 4121 1250 4180 ani·

134 4218 216 4264 mam
249 4201 351 4264 delicti
380 4204 532 4264 morsibus
563 4203 738 4275 sauciabat,
771 4203 822 4277 qui
849 4219 887 4263 eo
914 4203 995 4278 quod
1019 4206 1118 4273 carnis
1140 4207 1249 4282 partim
1284 4228 1288 4235 ·

133 4288 300 4351 insolentia
329 4289 367 4349 de
397 4291 496 4351 activa
519 4290 600 4350 mala
623 4290 803 4350 tractatione
824 4290 1025 4367 extinguitur,
1056 4291 1146 4368 piane
1170 4308 1248 4353 mor-

133 4375 267 4437 uocatus
296 4375 427 4449 recedit,
460 4375 547 4459 adeo
566 4381 600 4436 ut
629 4392 668 4435 ne
698 4375 859 4452 vestigium
881 4376 1002 4451 quidem
1026 4379 1171 4454 pristinae
1194 4378 1274 4457 do·¹
