2752 4778
234 202 313 287 320

240 383 342 509 Πρὸς
379 384 467 465 τούς
506 381 681 482 λέγοντας
722 389 800 454 τῶν
839 388 974 478 ψυχῶν
1008 378 1277 484 προϋπάρχειν
1304 384 1334 459 τί

287 512 457 579 σωματα.
1359 506 1371 515 ”

343 630 391 697 Ta
422 629 644 714 μεθυπάργειν
678 631 739 694 τῶν
771 625 926 712 σωμάτων
955 627 1010 704 τάς
1036 629 1167 739 φυγάς,
1206 624 1234 698 ῶ
1258 626 1336 705 ούτα,

237 726 339 804 λέγειν
367 715 501 784 εύκολον
528 720 582 781 καὶ
607 717 664 780 τού
684 717 881 799 βουλομένου
902 712 1038 796 ποντδς,
1068 741 1105 781 το
1130 720 1172 782 δὲ
1194 717 1282 809 λόγῳ
1299 744 1338 787 τι·

238 804 423 886 στήσασθαι
456 798 492 866 τδ
526 798 696 884 λεγόμενον
728 798 809 864 πάνυ
838 797 990 879 δύςκολον
1017 805 1071 866 καλ
1103 800 1265 889 ἐργῶδες,
1301 812 1338 873 w*

239 890 356 957 ούποτε
378 880 497 973 ῥᾴστην
519 885 594 971 έγον
616 889 669 965 τῆς
691 888 834 965 σπουδῆς
857 883 912 963 τῆν
933 880 1109 961 ἀπόδειξιν.
1170 889 1215 953 Et
1236 888 1339 977 γάρτί

237 973 513 1060 καταβαλλόμενον
547 969 623 1036 καθ’
662 966 744 1053 ύμάς
780 969 826 1045 εἷς
858 969 1025 1057 πρόφασιν
1057 975 1110 1051 τῆς
1147 970 1340 1063 ἀνθρωπίνης

237 1066 385 1146 γενέσεως
419 1057 623 1123 παντάπασίν
658 1055 745 1121 ἐστιν
779 1052 920 1141 άφυχον,
960 1062 1013 1121 καί
1042 1056 1180 1138 ζωτικῆς
1207 1060 1338 1142 δηλονότι

236 1146 395 1232 δυνάμεως
416 1142 515 1222 πάντη
538 1144 733 1220 καθέστηκεν
752 1137 900 1225 άμοιρον.
947 1142 994 1205 Ta
1018 1139 1087 1228 γάρ·
1101 1149 1216 1229 ψυχῆς
1236 1172 1338 1213 παντε-

236 1239 297 1309 λῶς
332 1235 386 1310 τῆς
422 1229 551 1304 οἱαςούν
586 1226 791 1311 ἐστερημένον
818 1230 873 1291 καὶ
901 1224 1005 1306 πάσης
1033 1227 1182 1311 ζωτικῆς,
1198 1230 1340 1318 ἐνεργείας

237 1320 323 1385 ἐστὶν
350 1318 478 1402 έρημον.
527 1314 569 1378 Ei
600 1317 635 1378 δὲ
660 1315 763 1397 φυχῆς
783 1316 837 1377 καὶ
860 1314 914 1390 τῆς
934 1308 1000 1377 κατ’
1023 1308 1121 1393 αύτῆν
1145 1316 1281 1398 ζωτικῆς
1299 1321 1340 1385 δἰ·

237 1401 359 1489 νάμεῶς
376 1427 408 1466 τε
425 1405 480 1465 καὶ
498 1398 655 1483 ἐνεργείας
672 1392 832 1473 παντελῶς
849 1400 1044 1477 καθέστηκεν
1055 1396 1220 1484 δίμοιρον,
1244 1408 1340 1485 δηλοτ·

237 1490 288 1557 ότι
317 1485 428 1573 νεκρὸν
457 1484 618 1568 τυγχάνει·
650 1484 680 1548 εἰ
708 1487 743 1547 δέ
772 1480 884 1593 νεκρὰν
904 1479 982 1548 αύτδ
1005 1479 1240 1571 ύποτιθέμεθα
1262 1483 1340 1565 εἶναι,

125 1594 130 1605 ·
237 1573 310 1645 ούτε
331 1577 480 1656 τρέφεταιΙ
500 1568 573 1635 ούτε
595 1566 741 1652 αύξεται,
764 1560 824 1632 ούδ
864 1567 946 1643 ὅλως
967 1564 1153 1650 ἀποστῆσαι
1178 1572 1341 1655 δυνῆσετοι,

236 1666 290 1729 καὶ
317 1669 423 1743 μεῖναι
451 1659 611 1732 παντελῶς
631 1652 830 1720 ἀσκέδαστόν
855 1678 887 1719 τε
909 1659 963 1743 καί
983 1651 1173 1739 ἀδιάχυτον.
1233 1664 1364 1744 Τεκμη·Ι

76 1763 123 1803 οτι.
137 1755 310 1831 amotos·
336 1747 370 1808 δὲ
398 1740 435 1806 τύ
462 1745 467 1824 Ι
493 1745 610 1824 λεχθὲν
641 1735 658 1805 δ
688 1738 721 1803 ἐν
749 1748 817 1814 τοϊς
844 1739 972 1823 σῶμασι
994 1744 1055 1805 τῶν
1077 1740 1185 1808 ἑλκῶν
1206 1742 1340 1831 ἀκοσμία

231 1828 345 1896 Ἡνίκα
377 1826 438 1912 γάρ
472 1825 668 1912 ἐφάπτονται
702 1824 820 1890 τούτων
857 1825 974 1912 ἰατρῶν
1000 1831 1132 1910 παῖδες,
1173 1830 1205 1894 εί
1231 1832 1340 1916 εύροιετ

238 1910 432 1991 ἐπιπολάζον
455 1916 545 1997 σῶμα
568 1909 697 1998 νεκρὸν,
726 1921 795 1986 τοῖς
812 1915 1023 1977 κατεσθίουσι
1042 1918 1142 1979 τούτο
1168 1915 1339 2004 φαρμάκοις

237 1998 536 2088 προαναλῶσαντες,
566 1996 648 2063 ούτω
677 1994 714 2060 τά
743 1992 826 2081 πρδς
852 1993 1007 2062 ἀνάδοσιν
1033 2001 1093 2063 τού
1119 2006 1340 2077 κοιλανθέτιος

238 2089 272 2155 ἐκ
294 2092 347 2167 τῆς
375 2081 502 2164 ὠτειλῆς
529 2082 675 2167 σῶματος
704 2080 932 2164 ἐπιβάλλουσιν
960 2083 1006 2159 εἷς
1027 2079 1281 2171 ἀναπλήρωσιν,
1308 2084 1340 2163 ἀς
1368 2104 1372 2109 ’

237 2176 294 2239 τού
323 2174 436 2249 ζῶντος
465 2168 581 2249 δηλαδῆ
610 2166 758 2250 σῶματος
784 2163 884 2250 φύσιν
904 2169 1034 2250 έγοντος
1054 2165 1340 2256 ἀναπεμπάζουσοτ

236 2265 290 2325 καὶ
319 2256 452 2341 δύναμιν
480 2258 533 2334 τῆς
561 2254 682 2328 οἰκείας
711 2252 804 2328 ἕξεως
824 2253 1014 2334 συστατικῆν
1035 2278 1068 2319 τε
1091 2262 1149 2321 καὶ
1172 2256 1340 2339 δπανακλτ·

236 2341 342 2425 τικῆν,
363 2345 419 2407 τού
437 2344 472 2406 δὲ
494 2344 608 2426 νεκροῦ
629 2341 721 2405 τούτο
743 2341 895 2423 μηδαμῶς
916 2339 1133 2426 ἐνεργοῦντος,
1159 2342 1252 2422 ἀπαξ
1272 2366 1339 2411 νενε-

235 2432 397 2514 κρωμένου
425 2432 478 2492 καὶ
507 2427 667 2499 παντελῶς
695 2423 825 2503 ζωτικῆς
852 2427 1058 2510 ἐστερημένον
1085 2427 1273 2535 δυνάμεως)
1296 2434 1337 2497 καί
1363 2458 1367 2465 ·

235 2515 289 2581 διὰ
317 2517 412 2579 τούτο
441 2509 646 2599 ἀνενεργῆτοα
674 2507 892 2592 τυγχάνοντος.
942 2513 1019 2587 Πῶς
1046 2513 1084 2575 δέ
1111 2518 1171 2579 καὶ
1202 2538 1336 2597 στησπει

237 2600 273 2666 τδ
302 2600 397 2686 φύσει
426 2596 601 2665 σκεδαστύν
629 2619 662 2660 τε
690 2600 744 2659 καὶ
772 2590 971 2677 εύδιάλυτον,
999 2594 1042 2678 μῆ
1066 2596 1174 2665 οἱονεὶ
1198 2604 1336 2685 θεμελίου

236 2685 357 2771 τρόπον
377 2680 444 2751 κατ’
467 2683 613 2748 ἐπίνοιαν
634 2683 906 2765 προϋποκειμένης
924 2680 1010 2756 τινδς
1028 2682 1162 2763 ζωτικῆς
1181 2684 1335 2771 δυνάμεως,

235 2779 309 2857 περὶ
337 2767 447 2847 έαυτῆν
476 2770 617 2853 φυσικῶς
643 2763 870 2849 σογκρινούσης
898 2786 930 2832 τε
958 2772 1012 2832 καλ
1033 2766 1335 2856 διασφιγγούσηςτλ

236 2854 496 2937 σκεδαννύμενον,
528 2853 561 2933 ἐγ
583 2844 602 2942 ᾖ
624 2849 659 2916 τὰ
682 2844 768 2916 εἶναί
787 2875 820 2917 τε
841 2856 895 2917 καὶ
917 2852 1164 2919 είδοποιεῖσθαι
1188 2856 1326 2943 παράτῆ

235 2940 273 3006 τά
304 2940 364 3007 ὅλα
392 2943 502 3023 σοφῶς
530 2934 764 3024 τεγνιτευούσης
789 2936 948 3020 δυνάμεως
975 2937 1060 3021 ἔχειν
1083 2939 1142 3005 ἔλα
1167 2967 1220 3021 εν,
1254 2938 1301 3009 ’Er

235 3026 295 3113 γάρ
324 3024 363 3091 ἀν
389 3024 551 3113 πράγματι
579 3020 657 3102 μετά
686 3020 722 3086 τδ
752 3022 904 3127 τεγθῆναι
933 3030 1099 3108 περίεστιν
1125 3032 1264 3108 αληθῶς
1290 3030 1357 3091 ¹1⁰¹

234 3106 316 3179 εἶναι
339 3116 383 3199 τῷ
405 3110 546 3197 σῶματι,
567 3109 601 3174 δν
622 3107 731 3192 ἐκείνῳ
753 3132 879 3185 παντως
897 3113 1028 3185 δικαίως
1048 3107 1090 3173 ἀν
1111 3114 1245 3197 λέγοιτο
1265 3114 1336 3199 ἔχειν

233 3205 287 3283 καλ
320 3197 375 3279 τῆν
409 3193 508 3282 ἀρχῆν
543 3198 596 3275 τῆς
627 3190 800 3274 δπάρξεως.
867 3185 1000 3272 Ούτινος
1026 3194 1088 3282 γάρ
1117 3201 1168 3285 τῷ
1194 3200 1336 3303 χωρισμῆ

234 3283 424 3351 διαλύεσθαι
447 3286 488 3348 πέ
514 3305 565 3348 υκε
587 3278 623 3344 τύ
647 3282 756 3361 σῶμα,
778 3277 891 3345 τούτου
909 3279 1025 3360 δηλαδὴ
1048 3284 1087 3371 τῆ
1107 3277 1249 3369 ύπάρξει
1269 3308 1333 3353 κατι

234 3368 289 3451 τῆν
315 3372 437 3453 γένεσιν
464 3365 601 3450 ευλόγως
628 3360 667 3428 ἀν
694 3362 819 3440 πάντως
847 3371 900 3429 καὶ
931 3369 1089 3450 συνυφέστ
1108 3393 1178 3435 κεν.
1243 3370 1334 3437 M

234 3453 359 3530 τούτοις
386 3450 678 3539 στενοχωρούμενοι
708 3458 776 3525 τοίς
797 3454 982 3533 λογισμοῖς,
1010 3443 1173 3537 ῶοντοι,
1204 3450 1333 3543 φατέμξ

233 3538 344 3628 νεκρδν
365 3533 447 3604 εἶναι
470 3535 654 3604 παντάπασι
676 3533 713 3599 εδ
735 3533 1012 3619 καταβαλλόμενον
1034 3537 1082 3613 είς
1102 3538 1276 3625 πρόφασιν
1294 3542 1335 3619 τῆς

232 3624 437 3712 ἀνθρωπίνης
466 3618 664 3701 συστάσεως,
695 3621 824 3700 ζωτικῆς
851 3624 887 3685 δέ
913 3647 999 3700 τινος
1026 3620 1086 3688 κάν
1116 3622 1333 3712 ποσῶς-μειδ-
1359 3639 1366 3663 ³

231 3738 300 3798 χειν
323 3710 497 3795 δυνάμεως,
520 3705 561 3786 ῶς
579 3705 683 3792 ψυχὴν
703 3706 778 3788 έγον
801 3706 946 3785 δηλονότι
969 3710 1023 3787 τῆς
1045 3708 1200 3791 τοιαύτης
1218 3712 1332 3797 μεθῶει

233 3796 393 3880 δυνάμεως
419 3801 529 3880 (χωρὶς
557 3793 617 3878 γὰρ
647 3794 748 3894 ψνγῆς
777 3784 864 3866 εἶδος
893 3793 970 3869 ζωῆς
1000 3789 1058 3871 οὖν
1082 3791 1123 3861 ἀν
1145 3797 1199 3877 εἴη
1220 3798 1332 3865 πῶιτοτι

233 3880 386 3957 καθάπαξ
415 3881 448 3945 έν
477 3890 545 3956 τοῖς
573 3875 635 3945 ύπδ
665 3899 763 3961 φυσιν
792 3872 1002 3961 ἀναγομένοις
1031 3885 1086 3944 καὶ
1115 3885 1174 3960 τῆς
1196 3881 1332 3971 οάρανίοι

182 4002 186 4009 ·
234 3972 329 4046 δῆλον
352 3963 529 4046 ἀεικινῆτου
551 3965 730 4050 περιφοράς
753 3961 841 4037 ἒντδς
863 3965 1114 4047 διειλημμένοις,
1136 3963 1192 4033 ἀεὶ
1213 3972 1250 4035 δέ
1270 3968 1332 4047 ζωῆς

233 4046 318 4129 είδος
353 4051 427 4117 άνευ
454 4054 556 4135 ψυχῆς
584 4047 621 4114 τδ
649 4046 803 4155 παράπαν
833 4041 890 4113 ούκ
918 4047 986 4114 ἔστι
1018 4049 1098 4114 κατὰ
1131 4051 1191 4132 τῆν
1220 4048 1331 4138 λογικῆτ

233 4135 460 4218 ἀκολουθίαν),
494 4131 600 4202 οἷονδ’
631 4131 671 4198 ἀν
693 4138 894 4199 υποτίθεσθε
916 4135 993 4214 ζωῆς
1014 4127 1103 4223 εἶδος
1125 4136 1165 4203 τδ
1190 4142 1330 4290 καταμελ-

233 4222 368 4306 λόμενον
396 4222 480 4309 ἔχειν
508 4219 585 4287 κατά
616 4218 670 4300 τῆν
696 4219 868 4303 σύλληψιν,
898 4238 944 4304 φα
967 4222 1002 4298 ῆς
1023 4244 1113 4296 τινος
1131 4223 1241 4305 μόνον
1274 4220 1329 4289 δαί·

233 4332 308 4388 τητα
340 4302 739 4393 ἐνεφῆνατε,”συστατικῆν
766 4308 825 4384 μέν
854 4307 907 4382 τῆς
936 4246 970 4369 ἀῶ
999 4294 1079 4393 ιῆπέρ
1111 4307 1205 4376 ἐστιν
1227 4308 1328 4387 οάσίιις,
