2752 4778
228 206 301 289 646

227 403 280 463 καλ
304 397 496 480 ἰδιοτρόπως
518 395 632 472 λδιος“
621 396 754 463 εκάσιου
778 401 838 460 τῶν
860 393 958 480 άγιων
980 398 1062 462 κατιλ
1088 395 1129 461 τιλ
1153 400 1272 499 μέτρον
1289 401 1323 472 τῆς

227 481 261 548 ἐν
293 481 415 589 ἐκάστιρ
449 490 601 591 πίστεως,
640 488 693 547 καλ
734 479 788 557 τῆν
824 482 1120 595 ἐπιχορηγοομένην
1141 480 1257 586 χάριν
1288 483 1325 546 ιολ

226 569 467 678 πιειλματος,
452 562 479 632 ῶ
504 573 564 652 μὲν
593 569 706 649 ολτιος,
740 560 770 672 ᾧ
793 571 829 634 δὲ
856 571 972 648 ολτως,
1006 565 1249 652 ειλρισκόμενος
1270 560 1374 641 ὅλος

227 661 280 721 καὶ
303 657 386 743 ὅλῳ,
413 661 494 720 πᾶσι
517 658 552 719 δὲ
574 653 675 719 πάντα
698 653 871 738 γινόμενος

66 852 222 900 ιιιιιιιιι..
222 825 284 896 Ἕκ
303 828 372 894 τοῦ
398 820 514 895 αὐτοῦ
536 821 648 950 λόγου
670 825 719 904 ιλς
704 821 804 913 τὸ,
828 819 940 898 Ὅσον
963 825 1032 914 μέν
1057 821 1261 914 σαρκῶιλες
1279 827 1330 894 τοιλ

65 901 129 953 16.,η
131 863 220 954 .16ffi7s.

66 914 220 1005 66.1.06
280 923 393 1023 λόγου
416 923 478 997 καλ
499 922 706 1052 τρόφιαον,
732 923 824 1018 ιιειολ
848 932 923 998 τῶν
949 922 1331 999 ἐνδοσθίωνκαλιῶν

66 1009 112 1048 ιλιι.
123 1008 193 1048 Βειιεδ,

278 1025 450 1153 κρυφίων
475 1035 541 1101 τοῦ
563 1036 632 1102 νοῦ
653 992 913 1124 βραλθησειαι,
942 1025 1003 1100 καλ
1028 1031 1079 1108 ελς
1099 1027 1223 1125 σιέηιιν
1240 1053 1330 1101 πνεν-

278 1129 437 1226 ματικὴν
462 1129 750 1227 άναδοθήσεται.

327 1255 367 1323 0
388 1264 495 1326 πάσαν
511 1258 589 1342 μετά
608 1267 728 1343 σοφίας
745 1258 842 1345 φύσιν
861 1255 1044 1339 ιλποοτησας
1061 1259 1166 1337 θεὸς,
1192 1267 1247 1327 καὶ
1264 1259 1333 1367 πρό·

229 1372 281 1425 την
309 1344 424 1432 ἑκάστη
452 1350 513 1410 τῶν
541 1351 676 1429 λογικῶν
706 1346 826 1411 οιλοιῶν
840 1346 985 1455 δύναμιν
1014 1344 1070 1425 τῆν
1101 1345 1213 1411 αιλτοιλ
1231 1351 1334 1457 χιῶσιι

228 1438 373 1539 κρυφίως
395 1415 580 1540 ἐνθέμενος,
614 1436 728 1498 δέδωκε
758 1439 812 1497 καλ
837 1429 909 1516 ἡμῖν
931 1443 999 1507 τοίς
1020 1445 1198 1510 ταπεινοῖς
1206 1431 1334 1544 άνθρα·

228 1544 317 1594 ποις,
352 1515 394 1594 ῶς
420 1519 647 1602 μεγαλόδωρος
675 1518 845 1599 δεσπότης,
873 1517 952 1584 κατιλ
976 1517 1075 1602 φιλσιν
1099 1518 1162 1584 τόν
1185 1545 1235 1596 εις
1255 1516 1334 1583 αιλτλι

228 1605 337 1669 πόθον
356 1610 408 1668 καλ
431 1607 549 1713 ἐρωτα,
580 1631 637 1670 σοι
638 1607 809 1681 επιπλεξας
830 1601 914 1712 αιλτρλ
931 1610 1074 1690 φυσικῶς
1092 1611 1157 1671 τοιλ
1176 1606 1277 1715 λόχον
1293 1601 1333 1684 τιλι

229 1690 375 1774 δυ’ναμιν,
415 1689 462 1775 ἐφ)
492 1683 518 1776 ᾧ
547 1695 718 1770 δυνηθῆναι
746 1689 825 1774 μετὰ
847 1669 1009 1776 ῥιιδτῶνης
1029 1696 1155 1773 γνῶναι
1180 1691 1257 1770 τοιλς
1278 1690 1333 1774 τρό-

228 1802 307 1853 πους
330 1783 384 1856 τῆς
405 1782 462 1841 νοιλ
483 1755 593 1841 πόθον
614 1777 820 1860 πληρώσεως,
842 1784 896 1842 καλ
916 1776 960 1886 μλη
982 1783 1265 1887 παραοφαλέντας
1280 1783 1333 1843 δια·

227 1873 359 1947 μαρτείν
381 1855 419 1926 06
441 1874 553 1946 τυχεῖν
562 1862 794 1947 ἀγωνιζόμεθα.
839 1862 930 1927 Κατιλ
948 1868 1063 1928 τοιλτον
1080 1858 1143 1929 οιλν
1164 1864 1334 1950 κινούμενοι

229 1949 284 2016 ιδν
306 1949 415 2015 πόθον
436 1956 513 2033 περί
532 1974 564 2014 τε
587 1954 640 2030 τῆς
661 1949 815 2029 άληθείας
836 1948 930 2029 αὐτῆς
951 1955 1005 2014 καλ
1027 1953 1083 2030 τῆς
1103 1948 1269 2028 ειλιάκτιος
1283 1960 1334 2024 τοῖς

230 2035 361 2112 ὅλοις
347 2039 579 2121 εαφαινομένης
607 2044 727 2144 σοφίας
755 2060 787 2100 τε
816 2041 870 2101 καλ
894 2035 1082 2115 διοικήσεως
1105 2038 1255 2114 ζητείν’
1238 2036 1333 2141 εναγό·

228 2123 358 2227 μεθα
344 2131 465 2188 εκειιου
495 2134 614 2206 τυχεῖν,
644 2121 697 2186 διιλ
726 2122 845 2186 τοιλτιον
872 2120 1076 2229 γλιχόμενοι,
1107 2116 1151 2188 οιλ
1172 2123 1273 2233 χάριν
1292 2121 1334 2189 τιλι

228 2206 338 2274 πόθον
361 2209 524 2292 ἐλάβομεν.
568 2211 635 2272 Καὶ
658 2212 751 2273 τοιλτο
770 2213 929 2290 μυστικῶς
949 2208 1122 2291 ἐγιωκότες
1147 2213 1181 2275 ολ
1206 2216 1332 2316 φιλομιι

230 2301 302 2371 θείς
334 2301 387 2360 καλ
425 2294 591 2379 φιλότιμοι
628 2301 681 2374 τῆς
714 2290 910 2374 άληθείας
897 2301 1027 2377 ερασταλ
1056 2302 1141 2378 μίαν
1171 2296 1331 2401 ἐστησαιτι

230 2379 349 2467 σχολὴν
374 2388 429 2446 καὶ
458 2381 706 2491 προςεδρείαν’
693 2393 818 2456 εαυτοῖς
844 2381 897 2460 τλην
924 2387 997 2463 περὶ
1020 2380 1140 2448 τοιλτοιι
1164 2383 1333 2493 φιλόπονοι

229 2468 380 2547 ιλσκησιν,
413 2463 600 2572 ιλκριςλῶςι
584 2465 636 2530 66³
671 2464 765 2545 αιλτηλς
797 2469 858 2530 τῶι
889 2466 1086 2575 πραγμάτιον
1114 2476 1175 2549 τῆς
1206 2467 1331 2551 άληθολς

68 2579 115 2618 οιι,
130 2573 223 2620 ινιιι.
230 2553 449 2633 καταιοησεῶς
474 2579 505 2618 τε
534 2559 586 2618 καλ
615 2550 814 2629 ιλκολουθιάς
840 2553 1001 2636 μαθόντες
1029 2550 1116 2636 ῶς,λ
1146 2556 1242 2664 εἴπερ
1269 2553 1330 2622 666

184 2717 186 2723 A
230 2640 285 2706 τόν
313 2640 414 2704 αι’ῶνα
442 2644 555 2704 τοιλτον
581 2643 693 2715 ποσῶς
722 2634 761 2703 δί
785 2637 921 2721 εὐσεβῶν
942 2639 1167 2722 θεωρημάτων
1190 2640 1248 2722 τῆν
1266 2647 1330 2747 μέλ·

73 4387 127 4426 Εελτ.
142 4381 193 4435 2,9.

230 2734 349 2793 λουσαν
376 2724 532 2804 ἀληθειαν
560 2726 792 2803 εἰκονίσαιντο,
826 2731 880 2790 καὶ
908 2723 963 2789 τόν
990 2724 1104 2791 πόθον
1136 2726 1331 2814 πληροφορηλ·

231 2836 359 2920 σρυσιν,
386 2812 599 2920 ἑτοιμοτέραν
631 2809 674 2887 ῶς
703 2823 769 2887 τοις
798 2811 937 2919 ἐνταῦθα
966 2817 1070 2887 καλῶς
1099 2821 1331 2898 γυμνασθεῖσιιι

232 2898 285 2977 τιλν
313 2896 416 2982 ψυχὴν
445 2897 626 3007 ἐσχηκότες,
660 2896 772 3001 ιλκμητλ
800 2896 879 2980 μετιλ
902 2895 957 2960 τιλν
977 2904 1052 2979 βίον
1074 2903 1196 2965 τοιλτον
1218 2901 1271 2966 ἐπὶ
1290 2899 1330 2979 τλι

230 2990 409 3068 μέλλουσαν
437 2981 591 3063 άληθειαν
618 2983 867 3066 μεταθήσονται,
885 2991 1211 3096 σκιαγρφφηθεῖσαν
1241 2981 1331 3059 αλιολς

232 3071 288 3152 ηἰλη
310 3075 413 3147 καλῶς
435 3069 487 3135 διιλ
510 3074 585 3134 τῶν
593 3074 767 3153 θειοτέραν
790 3067 972 3152 νοημάτων,
1001 3068 1143 3151 άγοντος
1165 3071 1283 3150 αιλτολς
1296 3068 1329 3138 ἐν’

231 3156 326 3238 66166
355 3155 469 3236 δηλαδὴ
493 3155 563 3235 τὴν
559 3131 726 3236 ιλλὴθειαν
748 3160 805 3220 ιοιλ
826 3160 907 3221 θεοιλ
931 3163 984 3221 καὶ
1008 3161 1158 3242 σωτῆρος
1182 3156 1283 3270 ἡμῶν
1285 3156 1330 3238 ’λη

232 3249 292 3312 666
314 3248 477 3327 Χριστοῦ,
506 3250 560 3308 καὶ
585 3239 688 3321 ἁπλῆν
710 3249 762 3306 καλ
785 3240 935 3351 ιλρίδηλρν
957 3249 1011 3307 καλ
1034 3246 1111 3328 δίχα
1137 3245 1246 3326 πάσης
1265 3243 1331 3310 666·

232 3339 319 3417 ρίας,
341 3308 535 3439 συμβολικῆς
556 3355 588 3393 τε
609 3335 771 3404 ποικιλίας
792 3334 845 3394 καλ
866 3327 968 3407 πάσης
990 3328 1285 3412 αλνιγματαλδους’
1266 3356 1330 3398 ασα-

209 3439 211 3442 ’
233 3442 338 3503 φειας,
363 3413 470 3491 αιλτοΐς
487 3413 769 3498 παραδεικνύντας,
791 3412 1020 3498 άποδρασάσης
1038 3415 1194 3493 αιλτοῖςλ
1172 3419 1275 3525 ω’ςπερ
1291 3417 1331 3483 66

233 3509 286 3584 τῆς
313 3507 485 3587 πρακτικῆς
514 3499 625 3585 ιλρετῆς
654 3499 766 3580 όδιλιης
794 3507 847 3566 καλ
876 3501 973 3579 λόπης
1003 3507 1057 3566 καὶ
1089 3526 1273 3610 στεναγμου
1260 3499 1331 3569 διλ

233 3592 288 3670 τὴν
309 3596 431 3654 τελείαν
454 3587 633 3669 ἀπάθειαν,
656 3588 739 3654 ολτω
761 3594 814 3652 καλ
834 3586 886 3651 ἐπὶ
904 3592 958 3668 τῆς
976 3593 1179 3671 θεωρητικῆς
1194 3588 1330 3675 γνάσειις,

232 3675 391 3787 ιλσαφείας
411 3674 514 3753 πάσης
535 3679 588 3739 καλ
612 3674 766 3782 ἀπορίας,
795 3671 848 3736 ιλιιλ
871 3673 924 3752 πλην
939 3681 1085 3784 σοφίαν,
1114 3683 1331 3760 προςτεθείσης

233 3760 360 3838 αιλτοίς,
390 3762 542 3827 ἐντεῦθεν
563 3766 697 3842 λαβοῦσι
720 3759 775 3834 τιλς
798 3757 1015 3836 ιλποτυπαλσεις
1036 3758 1152 3844 αιλιῆς,
1181 3767 1330 3843 τηνικαιλιι

233 3853 349 3933 γυμνῆς
371 3874 424 3927 της
439 3845 601 3927 αληθειας
649 3852 748 3910 Παντὶ
767 3845 844 3931 γάρ,
867 3853 960 3930 φησὶ,
983 3851 1028 3935 τῶ
1046 3847 1178 3933 ε’χοντι,
1201 3847 1329 3931 δηλονότι

234 3936 289 4001 τόν
309 3940 385 4017 περὶ
406 3939 467 3998 τῶν
487 3931 666 4016 μελλόντων
687 3932 815 4010 πόθον,
846 3910 1037 4014 δοθήσεται,
1066 3941 1121 3999 καὶ
1147 3936 1330 4019 προτεθηλα·

235 4048 285 4086 ται
304 4020 428 4096 πάντιος
446 4018 462 4101 6
481 4028 542 4084 τῶν
561 4022 699 4085 αιιοιίων
717 4016 850 4101 άγαθῶν
867 4017 1053 4094 ιλπόλαυσις.
1100 4021 1314 4100 Πλοόσιος
1281 4043 1329 4135 ριν

234 4105 382 4190 ιλπάρχων
413 4104 430 4172 6
461 4106 582 4182 θεδς“
568 4112 654 4189 ημῶν
683 4103 834 4171 οιλδέποτε
842 4105 943 4208 λη’γει
967 4104 1076 4182 τοῖς3
1056 4115 1231 4216 αγαπῶσιν
1253 4105 1330 4174 αιίδι

235 4192 272 4257 τιλ
301 4199 378 4259 θεῖα
406 4195 562 4276 διανέμων
590 4197 676 4278 δῶρα
706 4196 758 4271 τῆς
786 4189 945 4272 γνῶσεως,
974 4191 1055 4274 άπερ
1081 4189 1157 4258 066²
1182 4194 1240 4262 όνο
1240 4195 1330 4280 μάζιιι

236 4279 314 4344 κατιλ
343 4277 397 4343 τόν
429 4280 528 4344 αἰῶνα
558 4284 668 4346 τοιλτον
697 4276 876 4360 δυιάμεθα,
912 4275 986 4343 διὰ
994 4277 1030 4343 τό
1061 4273 1169 4346 αλτῶν
1191 4282 1328 4384 ιλψοςιολ

235 4369 388 4450 μέγεθος,
416 4366 504 4449 εἶ’περ
534 4361 681 4444 α’ληθειλει
710 4362 841 4448 φάσκων
861 4371 935 4449 περὶ
958 4369 1010 4444 τῆς
1032 4364 1172 4451 ἐσχάτης
1191 4364 1327 4455 μακαριό

1369 406 1374 460 λ

1370 489 1374 525 ι

1312 1099 1361 1658 λ

1333 4486 1374 4729 λ
