2752 4778
238 196 311 278 2⁵0

235 381 273 448 τὰ
300 382 360 466 ηάρ
389 386 450 446 τιῦν
476 386 581 465 μεροῖν
609 387 665 446 τοῦ
693 382 726 458 ἐξ
753 379 856 447 αῦτιῦν
874 382 954 449 ύλου
974 389 1092 467 κυρίως
1114 394 1329 489 κατηγορεῖται

235 466 278 545 οῦς
311 469 538 575 ἐπιδεχομένου
570 468 672 531 πάντα
706 494 821 551 κυριιυς
849 466 886 533 τά
916 475 1059 581 φυσικοῖς
1085 470 1254 553 προςόντα
1280 482 1330 548 τολς

234 559 379 665 μέρισιν,
413 554 446 630 ε”ξ
473 546 516 619 ὧν
543 560 597 620 καὶ
628 551 792 661 ὑφέστηκε
852 554 900 621 Τό
930 560 965 621 66
995 553 1032 621 ού
1057 564 1181 665 κυρίως
1209 554 1330 634 ιδςούτυς

236 639 282 707 ἐπ’
311 639 434 725 διιφοῖι
462 645 614 751 ληπτέον,
647 646 704 705 τοῦ
731 638 810 718 θεάς
838 647 892 707 καὶ
920 646 974 706 τοῦ
1002 668 1124 727 πατηρ,
1156 640 1201 720 ύις
1202 643 1361 753 α’μφοίιρ

236 727 289 793 ἐπὶ
311 731 459 809 Χριστοῦ
487 752 601 835 κυριως
628 732 789 835 λεχθηιαι
803 726 846 811 μὴ
860 732 1063 836 δυναμένων,
1095 727 1154 794 διά
1177 729 1234 810 τὴν
1254 750 1361 839 poce-¹

237 813 293 890 κῆν
314 813 473 895 διαφοράν
496 818 558 876 τῶν
580 813 614 889 ἐξ
635 804 678 877 ὧν
698 819 751 878 καὶ
775 812 808 877 ἓν
836 807 888 891 αἶς
915 821 1081 893 συνέστηκε
1111 815 1255 901 φύσεων.
1295 813 1330 883 '6

236 896 297 985 γάρ
331 903 375 986 τῷ
401 897 480 963 κατά
507 898 660 964 σύνθεσιν
688 900 754 986 ὅλῳ
784 900 943 983 προςάντα
972 905 1113 1011 θατέρου
1143 907 1210 968 τιῦν
1239 903 1372 969 ἑαυτοῦ

236 989 341 1096 μερῶν
357 963 525 1050 ούδέποτε
558 1011 672 1068 κυριως
699 964 1004 1068 κατηγορηθήσεται.
1065 984 1241 1066 Ἕναντίως
1268 985 1331 1067 666

74 1098 122 1139 σοι.
138 1093 229 1140 λοισι.
238 1071 285 1154 ἐφ)
313 1068 472 1180 ἧμῶνΙέ
470 1097 535 1180 χει,
572 1076 732 1137 τουτέστιν
765 1072 900 1156 ἓμπάλιν
932 1072 1089 1149 καθώς
1075 1072 1127 1160 αφ’
1156 1071 1249 1159 ἧμυῦν
1274 1076 1331 1165 ἔχει

231 1155 343 1223 ΗΗνικα
371 1156 432 1241 γάρ
462 1157 516 1236 τῆν
545 1157 705 1243 διαφοράν
733 1163 848 1240 θεωρῶ
876 1163 938 1223 τῶν
960 1159 1100 1270 φύσεων,
1138 1167 1195 1228 καλ
1219 1160 1274 1242 τὴν
1291 1158 1333 1228 κί-

236 1249 298 1310 τῶν
330 1243 395 1308 κατ’
427 1243 466 1307 έπ
468 1248 572 1308 ίνοιαν
598 1248 754 1323 ποιοῦμιιι
785 1245 961 1327 διάκρισιν,
999 1243 1037 1311 06
1065 1247 1209 1332 δύναμαι
1238 1248 1275 1315 τδ
1300 1242 1333 1314 δέ

235 1329 358 1416 σίυφοῖν
386 1338 500 1413 κυρίως
527 1335 669 1413 τιθέναι,
699 1335 756 1396 τοῦ
780 1331 883 1414 πατήρ
906 1359 986 1441 φημι
1010 1339 1063 1441 κμλ
1086 1338 1148 1401 τοῦ
1170 1334 1264 1413 θεός.
1301 1328 1333 1399 θλ

235 1417 294 1504 γάρ
308 1425 440 1522 κυρίως
469 1420 526 1480 τοῦ
556 1416 655 1499 λόγου
684 1417 806 1494 θεός
793 1441 879 1482 εστιν
907 1415 925 1482 6
954 1418 1073 1503 πατῆρ,
1107 1418 1150 1486 06
1180 1425 1218 1487 66
1239 1426 1333 1505 κυρίιιι

186 1581 190 1591 ,
235 1529 339 1586 πατηρ
367 1508 420 1581 τῆς
448 1501 569 1613 σαρκός
597 1504 682 1568 ἐστιν
710 1496 728 1568 6
757 1503 846 1579 θεός.
897 1500 1065 1582 Ἓναντίως
1096 1510 1153 1586 66,
1189 1513 1335 1575 τουτέων

236 1592 372 1674 έμπαλιν
402 1589 498 1668 66‚6
480 1587 750 1695 νάντιστρόφως
768 1593 817 1670 δὲ,
851 1594 909 1653 τοῦ
930 1616 962 1655 τε
983 1599 1099 1674 κυρίως
1121 1553 1277 1672 δἠλονότι
1296 1598 1335 1660 κδ

237 1675 275 1742 ού
302 1682 433 1757 κυρίως,
471 1675 527 1739 ἐπί
552 1701 583 1740 τε
611 1680 664 1755 τῆς
689 1675 830 1752 ὲνυύσεως
859 1681 912 1740 καλ
940 1683 995 1756 τῆς
1021 1686 1099 1761 μίας
1129 1676 1334 1759 ῦποστάσειις,

237 1763 294 1828 έπί
320 1786 351 1826 τε
381 1766 434 1840 τῆς
461 1765 620 1846 διαφοράς
644 1766 706 1826 τιῦν
729 1762 856 1871 φύσεων
876 1768 930 1826 καὶ
952 1767 1005 1842 τῆς
1025 1790 1085 1829 κατ
1115 1764 1272 1832 ἐπίνοιαν
1291 1762 1334 1832 σί·

237 1853 299 1915 τῶν
321 1851 508 1929 διακρίσεως
529 1853 791 1931 λαμβανομένων,
824 1844 866 1924 ὡς
888 1853 941 1928 τῆς
949 1854 1020 1956 μὲν
1039 1857 1119 1932 μίας
1142 1848 1334 1927 ῦποστάσειις

236 1941 351 2016 κυρίως
377 1932 457 1998 θεὸν
484 1940 537 1999 καλ
565 1939 687 2017 πατέρα
716 1934 903 2043 λεγόμενον,
937 1931 979 2010 69
1005 1937 1077 2013 δνδς
1096 1941 1269 2022 Χριστοῦ,
1294 1938 1334 2005 τλι

236 2022 317 2086 θεὸν
352 2018 576 2132 ἐπιδεχομένης
611 2019 689 2086 κατά
725 2018 779 2100 τὴν
813 2018 1037 2087 ἀποδοθεῖσαν
1071 2023 1202 2107 αἰτίαν,
1237 2027 1334 2107 τῆςδδ

237 2104 302 2175 κατ’
337 2103 451 2172 ούσίαν
487 2111 647 2215 διαφορᾶς
673 2111 744 2218 ταῖν
773 2107 898 2189 φύσεων
926 2107 1128 2189 ἔμπαλιν
1092 2135 1130 2175 το
1160 2112 1227 2196 μη·
1238 2119 1335 2196 κυρίας

237 2195 475 2303 ἐπιδεχομένης,
504 2192 650 2269 καθδς
635 2191 684 2278 εφ’
695 2191 793 2304 ἧμαῦν
814 2193 889 2279 ἔχει.
933 2190 1043 2278 Ἢμιῦν
1063 2196 1129 2305 γάρ
1152 2206 1274 2282 κυρίως
1290 2200 1334 2282 μέν

236 2277 359 2356 θεδς(
344 2305 362 2344 ο
391 2279 484 2360 θεός,
518 2281 619 2361 ιδ’ςπερ
651 2287 704 2345 καὶ
733 2285 786 2359 τῆς
808 2306 864 2345 του
850 2279 983 2362 λόγου
1003 2282 1144 2363 σαρκὸς,
1175 2283 1216 2350 οῦ
1225 2306 1275 2352 κυ
1276 2292 1334 2373 ρλες

238 2371 272 2432 66
300 2363 419 2475 πατῆρ,
452 2368 554 2447 ὥςπερ
582 2364 656 2430 οῦδὲ
684 2373 738 2445 τῆς
765 2364 941 2448 τοῦλόγου
964 2367 1093 2450 σαρκός.
1141 2311 1334 2477 Ἑνηλλαηρμί·

237 2478 297 2530 νως
327 2443 383 2516 οῦν
411 2452 446 2515 τά
478 2457 534 2518 τοῦ
563 2451 641 2517 δλου
670 2464 738 2527 τοῖς
756 2457 884 2536 μέρεσι,
918 2457 1039 2541 καὶτῷ
1061 2455 1128 2542 δ’λῳ
1152 2456 1192 2521 τά
1214 2462 1278 2523 τιῦν
1296 2455 1333 2522 ολ·

237 2547 330 2606 κείων
354 2542 460 2621 μεριῦν
489 2538 700 2624 ἐκφωνητέον,
729 2565 781 2603 και
811 2539 901 2605 ἐσται
928 2519 1028 2625 ῥαδίά
1046 2546 1100 2606 καὶ
1124 2542 1235 2628 σαφῆς
1256 2540 1273 2623 6
1291 2566 1333 2608 τοι

236 2631 447 2732 προκειμένου
469 2626 653 2733 κατάληψις.
688 2626 806 2733 166⁰
794 2652 845 2690 ινα
868 2631 1066 2735 σμφέστερον
1088 2628 1278 2710 γένηται
1244 2656 1280 2696 το
1298 2634 1332 2694 λε·

236 2713 395 2817 γύμενον,
418 2708 509 2819 ξηιίκα
538 2716 596 2793 μὲν
619 2709 662 2786 ὡς
683 2707 860 2786 δπάστασις
882 2707 900 2776 6
922 2712 1069 2820 Χριστός
1089 2710 1331 2798 θεοιρεῖται,ιδ

237 2822 352 2907 κυριως
381 2793 428 2859 ἐπ’
457 2793 611 2906 ἀμφοῖν,
623 2805 680 2861 τοῦ
708 2796 786 2873 θεὸς
814 2801 893 2879 λέγω
921 2804 974 2862 καὶ
998 2805 1054 2863 τοῦ
1047 2800 1196 2910 πατῆρ,
1228 2804 1332 2909 θετέον,

237 2881 329 2992 φνίκα
360 2885 394 2945 66
423 2881 475 2944 διδ
509 2881 562 2960 τὴν
591 2879 768 2968 άσύγχυτον
795 2883 931 2968 ῦπαρξιν
960 2888 1022 2948 τάν
1044 2884 1077 2950 έν
1099 2881 1151 2964 οἷς
1173 2894 1230 2955 καλ
1252 2876 1333 2966 έξδτ

238 2969 324 3035 ἐστιν
350 2966 470 3032 αἰτοῦ
492 2971 641 3051 Χριστοῦ
651 2969 781 3077 φύσεις
808 2943 1025 3052 θεωροῦνται,
1054 2970 1092 3038 τδ
1108 2974 1263 3078 υἔμπαλιν
1287 2979 1333 3039 6

238 3059 324 3132 τέον,
356 3054 435 3138 ὅπερ
466 3054 534 3120 ἐστὶ
562 3056 598 3120 τδ
620 3054 662 3139 μὴ
685 3063 815 3163 κυρίως,
851 3056 961 3132 καθώς
982 3054 1068 3142 ἐφΗ
1053 3062 1143 3165 ημῶν
1164 3060 1244 3144 ἔχει.
1283 3061 1333 3125 Κτλ

238 3147 331 3217 δηλοῖ
357 3145 451 3206 τοῦτο
481 3145 591 3228 σαφοῦς
616 3139 760 3224 λέγων
744 3169 761 3206 ο
791 3142 985 3219 διδάσκαλος
1012 3142 1065 3207 διὰ
1087 3149 1147 3210 τοῦ
1169 3146 1334 3257 ἐπαγαγεῖν,

237 3231 303 3293 Καὶ
334 3235 429 3291 τοῦτο
459 3239 551 3292 ποιεῖ
573 3240 640 3302 τοῖς
668 3228 842 3309 υἱρετικοῖς
875 3228 928 3307 τὴν
960 3228 1153 3311 πλάνην,
1136 3258 1154 3309 η
1183 3237 1246 3298 νοῦν
1273 3230 1332 3299 διο·

236 3314 344 3418 μάτων
379 3312 549 3395 ἐπιζευξις,
592 3312 877 3424 έπαλλαττομένων
908 3320 969 3381 τῶν
1003 3312 1173 3400 ὀνομάτων
1208 3317 1263 3385 διδ
1293 3314 1334 3396 162

75 3432 124 3472 σοι
139 3427 227 3472 nm
238 3399 445 3482 σύγκρασιν.
471 3404 609 3482 Συμεῖον
638 3399 734 3481 6¹6,
721 3408 813 3479 ηνίκα
841 3400 877 3464 αἱ
901 3406 906 3475 Ι
932 3401 1044 3485 φύσεις
1071 3406 1256 3471 διίστανται
1280 3412 1335 3476 ταῖς

238 3488 411 3593 ἐπινοίαις,
443 3487 663 3577 συιδιηρηνται
693 3492 747 3551 καὶ
775 3485 812 3551 τά
843 3483 996 3569 ὀνόματα.
1059 3493 1256 3569 Τουτέστιν,
1291 3489 1336 3563 ἕως

237 3566 414 3638 ῦπόστασιν
428 3579 527 3677 μίαν
561 3597 692 3648 σκοπεις
728 3569 783 3637 τδν
811 3570 1031 3655 Χριστὸν,ι
1016 3600 1032 3652 η
1070 3572 1137 3639 κατ’
1159 3574 1336 3685 έπαλλαηῖμ

238 3664 299 3724 τῶν
333 3654 498 3768 ὀνομάτων
531 3657 725 3735 έπίζευξις
712 3684 798 3723 εστιν
827 3656 1024 3740 α’διαίρετος,
1059 3660 1190 3726 ἐπειδάν
1220 3667 1255 3728 66
1281 3670 1337 3735 ταῖς

238 3746 397 3819 ἐπινοίαις
425 3743 593 3823 διαστάσης
621 3743 675 3818 τάς
702 3745 947 3828 συμπληρούσας
975 3744 1028 3824 τῆν
1055 3753 1134 3829 μίαν
1168 3745 1337 3815 ὑπόστασιν

239 3858 294 3898 του
280 3835 465 3912 Χριστοῦ
495 3830 620 3914 φύσεις,
650 3835 823 3906 συνδιεῑλες
849 3843 919 3907 ταις
948 3831 1064 3940 φύσεσι
1087 3839 1142 3898 καὶ
1165 3833 1204 3899 τά
1229 3833 1336 3918 ὄνόμσ

238 3939 293 3983 τα·
330 3916 347 3997 6
370 3916 485 3998 πάλιν,
514 3917 643 4026 ἐπείπερ
666 3914 721 3995 τὴν
743 3916 840 3998 φύσιν
863 3915 1034 3994 διπλοῦςε
1017 3944 1035 3983 ο
1059 3917 1277 4003 Χριστδς,”
1254 3940 1336 4030 αμφιι

239 4014 455 4087 κατηγορεῖται
486 3999 597 4076 αύτοῦ,
629 4003 665 4067 τδ
695 4003 777 4079 θεὸς
806 4009 859 4068 καὶ
889 4003 1008 4087 πατὴρ,
1041 4012 1157 4112 κυρίως
1176 4032 1238 4091 μεν
1261 4004 1337 4119 ἐνίκα

240 4101 482 4170 συνεκφιηνεῖται
510 4088 710 4166 καταλλῆλως
738 4101 806 4166 ταῖς
836 4089 952 4173 φύσεσι
981 4089 1018 4153 τά
1042 4086 1206 4200 ὀνόματα,
1237 4090 1276 4158 06
1295 4118 1337 4157 κν·

240 4181 338 4284 ρίως
346 4177 429 4240 δὲ“
410 4200 486 4240 οτοιι
512 4173 529 4255 6
559 4173 637 4238 κατά
667 4174 764 4260 φύσιν
793 4174 943 4257 ἑκατέρου
957 4180 1033 4285 τιῦν
1062 4169 1153 4251 ἐξ
1124 4203 1170 4241 ων
1192 4173 1288 4242 έν
1249 4199 1337 4255 οιςτι

240 4266 293 4326 καὶ
323 4261 403 4342 άπερ
435 4261 502 4327 ἐστὶ
530 4266 661 4364 θατέρῳ
688 4263 740 4325 διά
772 4261 826 4341 τὴν
852 4270 930 4345 μίαν
952 4258 1132 4328 ῦπόστασιν
1142 4263 1337 4371 ἐπηλλαγμέ-

239 4371 300 4423 νως
327 4344 524 4412 άντιδίδοται
554 4351 668 4425 κτῆσις
729 4347 833 4432 Ὅπερ
862 4359 970 4414 ποιεῖν
995 4345 1038 4431 μὴ
1071 4344 1337 4433 νινούσκοντες,δ
