2752 4778
235 196 309 276 860

227 377 405 464 πρακτικήν
441 381 582 466 τρόπων,
620 377 678 446 κάν
711 373 918 447 ἐπίπονοι
893 403 988 460 ωσιν,
1022 374 1342 487 ἄποδεχόμενον,ᾧ

233 469 461 550 σννειςέργεται
488 469 631 571 γεγηθώς
658 469 703 544 εἰς
731 467 786 533 τόν
809 472 859 546 τῆς
881 465 1016 549 εὐωχίας
1038 463 1150 530 τόπον
1174 463 1234 530 τὸν
1256 464 1342 544 πάσης

231 551 411 634 κατάκορον
438 553 595 638 γνώσεως,
631 558 688 618 τοῦ
716 552 794 618 κατά
825 552 927 641 σάρκα
956 550 1173 636 φρονήματος
1197 556 1343 626 παντελῶς

231 637 479 722 ἀπηλλαγμένος
499 643 504 725 Ι

72 777 223 825 amm
222 763 328 835 Άλλο
351 762 457 844 εἷς
418 791 461 835 το
483 761 575 836 αὐτὸ
599 762 791 899 θεωρηιια.

336 878 401 941 Καὶ
432 869 527 953 αὖθις
556 877 712 966 ληστής
699 902 785 943 εστιν
814 873 979 959 εύγνολμων
1009 873 1026 941 6
1053 879 1281 953 καταξιωθελς
1300 900 1339 943 σο

231 967 455 1045 σταυρωθῆναι
478 968 612 1050 Χριστῷ
641 961 693 1028 διά
723 967 775 1043 τῆς
804 966 974 1072 παντελοῦς
1001 968 1056 1027 καὶ
1061 957 1327 1067 όλοκλήροο”
1293 990 1339 1028 τον

230 1054 347 1114 ποθοῦν
360 1051 563 1154 νεκρολσεως,
585 1057 639 1115 καὶ
658 1046 823 1125 δεξιῶς
784 1053 869 1136 αυτῷ
889 1047 1214 1160 σνσταορρύμενος,
1213 1054 1337 1116 τοντέσιι

228 1135 306 1222 μετά
330 1135 426 1233 λόγου
448 1145 501 1202 καὶ
522 1136 679 1243 γνώσεως
686 1141 792 1201 πᾶσαν
812 1113 973 1211 διέξιιδν’
954 1130 1083 1218 αρετήν,
1110 1142 1172 1200 καὶ
1193 1131 1337 1221 ἆπρόςνιο·

229 1249 293 1289 πον
315 1217 414 1288 πῦισιν
436 1221 624 1328 ἀνθρώποις
645 1221 699 1286 τόν
721 1229 793 1306 βίον
816 1226 987 1330 διατηρῶν,
1009 1227 1063 1286 καὶ
1083 1222 1290 1332 μηδεμίαν’
1270 1249 1338 1332 εχων

231 1308 266 1375 τό
296 1307 449 1394 παράπαν
478 1315 531 1388 τῆς
559 1313 615 1373 τοῦ
637 1307 734 1391 λόγον
756 1307 948 1415 πραότητος
957 1303 1151 1394 άπάδοοσαν
1175 1305 1218 1372 δι’
1242 1305 1337 1388 αόστη-

231 1395 347 1479 ρότητα
370 1403 501 1474 κίνησιν.
550 1392 721 1479 ’Ᾰγνολμων
743 1399 777 1458 66
800 1392 948 1480 λῃστής
934 1418 1019 1496 εστιν
1042 1389 1060 1457 6
1085 1393 1229 1473 δόξης“
1211 1391 1337 1477 ενενιενή

230 1480 400 1591 λημμάτων
412 1445 605 1588 λδροτέρων
635 1492 701 1554 τοῖς
722 1484 938 1588 φαινομένοις
961 1478 1096 1560 τρόποις
1122 1477 1276 1558 ῦπούλως
1294 1478 1336 1586 τόν

230 1565 295 1633 κατ’
329 1564 440 1648 άρετήν
472 1565 590 1671 βίον
576 1565 842 1650 υποκρινάμενος,
881 1572 933 1670 καὶ
964 1563 1017 1646 ἕνα
1045 1571 1100 1630 καὶ
1132 1563 1250 1677 μόνον
1272 1564 1336 1669 πρός

231 1652 303 1727 τοῦς
332 1654 391 1728 ἐξω
420 1650 476 1757 τόν
505 1653 625 1718 κόλακα
654 1651 799 1735 λόγον’
780 1659 848 1718 αντὶ
871 1651 974 1731 πάσης
995 1648 1110 1736 άρετής
1135 1678 1170 1717 τε
1194 1659 1251 1718 καλ
1271 1651 1336 1759 γάρ’·
1361 1653 1364 1658 ’

232 1764 310 1842 σεως
337 1739 583 1844 μετερχόμενος,
616 1739 698 1847 πρὸς
725 1743 760 1804 66
789 1738 862 1814 τοῦς
890 1737 1039 1816 συνήθεις
1068 1737 1209 1815 σκόλιός
1231 1765 1279 1816 τις
1292 1763 1336 1817 την

230 1824 355 1934 γνώμην
382 1824 585 1891 παντάπασιν
613 1821 657 1889 οῦν
685 1833 738 1891 καὶ
762 1819 1013 1904 δοςάντητος,“
994 1850 1031 1889 ον
1054 1827 1107 1888 δεῖ
1127 1824 1221 1906 μάλα
1243 1823 1335 1909 γετήι

231 1908 308 1977 ὁδόν
344 1915 401 2019 τρῦ
436 1916 517 1976 θεοῦ
548 1911 789 2018 βλαςφημοῦντα
822 1911 900 1995 μετὰ
931 1914 1086 1986 συνέσεως
1119 1911 1334 2022 ἐπιστομίζειν

224 1996 314 2073 Ἴσως
340 1996 428 2105 γάρ
425 1996 581 2064 παύσεται
604 2004 661 2063 τοῦ
684 1996 865 2081 διαβάλλειν
888 1994 999 2061 διά
964 2022 1016 2074 της
1039 1997 1169 2074 οἰκείας
1184 1996 1335 2106 άναστρο

231 2088 291 2170 φής
313 2110 369 2149 τον
391 2081 488 2166 λόγον
511 2089 547 2174 τή
568 2088 798 2192 παραινέσειτ
781 2088 838 2148 τοῦ
860 2082 1133 2162 ἐπιπλήσσοντος,
1171 2084 1279 2194 ὥςπερ
1298 2083 1336 2150 ἐπὶ

136 2200 139 2207 ·
230 2174 286 2237 τοῦ
309 2175 447 2276 στανροῦ
468 2153 676 2235 πέπονθεν
660 2196 677 2234 ο
701 2169 754 2249 τήν
781 2175 980 2255 βλαςφημίαν
1008 2165 1110 2244 άδειῦς
1141 2175 1336 2255 προςενέγκος

230 2256 362 2368 66616'6·
398 2255 445 2321 T6
447 2254 528 2364 γάρ
550 2255 592 2340 μή
616 2251 895 2366 ἀντιφθέγξασθαι
918 2282 961 2342 τῳ
948 2254 1201 2335 ἐπιπλήξαντι
1221 2268 1335 2343 σημεῖον

230 2343 295 2428 ἔχει
325 2346 377 2423 τῆς
406 2347 462 2407 τοῦ
490 2339 643 2453 ῥηθέντος
671 2339 834 2427 άποδοχής
861 2320 964 2446 λόγοῦυ
987 2341 1042 2420 τήν
1071 2341 1213 2424 σιωπήν.
1265 2338 1335 2446 Καθ’

232 2429 339 2508 ήντινα
367 2433 443 2511 γοῦν
473 2433 533 2493 τῶν
562 2428 733 2514 εἰρημένων
756 2434 898 2513 θεωριαν
920 2455 963 2516 τῳ
950 2431 1126 2535 Χριστῷ
1150 2427 1334 2516 σνστανρού·

230 2519 341 2623 μεθα,
360 2514 656 2620 σπονδάσωμεν,’
630 2541 672 2591 ως
694 2515 795 2626 ἐσμεν
810 2493 965 2592 ἐνταῦθά,
988 2513 1045 2579 τόν
1067 2517 1334 2624 σοσταορούμενον

233 2598 306 2684 ήμῖν
329 2601 529 2667 ἱλεοῦσασθαι
552 2601 665 2684 λόγον,
688 2608 741 2666 καλ
764 2600 817 2680 τήν
840 2597 961 2685 666666
983 2602 1145 2710 δέξασθαι
1172 2601 1254 2668 κατά
1277 2628 1334 2670 σον·

232 2691 352 2794 είδησιν
385 2692 611 2772 καθαρθεῖσαν
644 2692 704 2752 τιῦν
738 2687 944 2796 πλησσόντων
974 2684 1069 2766 αῦτὴν
1076 2689 1272 2797 νοημάτων
1297 2692 1334 2767 τῆς

233 2767 439 2848 άναπαύσεως
461 2773 666 2856 ἐπαγγελίαν,
689 2775 778 2858 εἶ’περ
803 2771 819 2854 6
843 2773 980 2879 σήμερον
1000 2773 1054 2853 τήν
1073 2773 1260 2842 ἐνεστῶσαν
1278 2770 1334 2840 τοῦ

233 2864 367 2923 τοῦτοῦ
390 2860 506 2935 αλιῦνος
528 2857 646 2947 ἡμέραν
668 2859 858 2925 ἐνδείκνυται
881 2859 1039 2966 (σήμερον
1055 2859 1134 2944 γάρ,
1162 2867 1273 2947 φησὶν,
1293 2861 1333 2948 ἴση

232 2941 308 3055 μετ’
321 2945 399 3053 ἐμοῦ
422 2944 454 3010 ἐν
477 2972 519 3009 τω
506 2922 796 3056 παραδείσῳ),ί
779 2975 796 3026 6
816 2950 850 3011 66
872 2944 983 3051 αύριογ
1007 2944 1062 3024 τήν
1084 2951 1145 3011 τοῦ
1166 2952 1334 3054 μέλλοντος,

233 3027 349 3095 καθΗ
337 3027 373 3111 ήν
404 3010 559 3139 οῦδεμίαν
582 3036 641 3117 μὲν
668 3031 784 3117 άφεσιν
808 3029 1037 3143 ἁμαρτημάτων
1059 3033 1258 3142 ἐκδέχεσθαι
1278 3030 1334 3120 χρή,

231 3117 331 3202 μόνην
360 3121 395 3182 66
424 3122 476 3198 τής
503 3117 624 3208 ἑκάστῳ
646 3119 827 3206 πρεπούσης
848 3146 906 3184 κατ
902 3115 1029 3195 ’άξίαν
1051 3116 1192 3204 άμοιβής
1215 3125 1276 3186 τῶν
1293 3127 1334 3204 βε·
1375 3172 1376 3181 ,

70 3237 118 3276 ονε,
133 3232 193 3276 ννεο
206 3248 224 3277 .,
231 3208 395 3289 βιωμένων
416 3200 588 3271 άντίδοσιν

69 3373 225 3418 mmmm
227 3343 288 3414 Ἐκ
319 3347 387 3413 τοῦ
417 3339 534 3413 αὐτοῦ
558 3339 688 3439 λόγον,
722 3343 771 3422 ελς
796 3338 857 3432 τὸ,
892 3337 974 3412 Κᾶν
994 3337 1185 3467 Ιωσήφ
1161 3371 1208 3439 ῃς
1231 3342 1252 3418 ὁ
1276 3339 1334 3416 ἀπὸ

68 3419 223 3570 6666ss
278 3442 548 3539 Ἁριμαθαίας,
591 3444 737 3538 α’ίτησαι
773 3441 815 3515 τὸ
850 3449 958 3536 σῶμα
991 3440 1093 3537 παρὰ
1130 3453 1202 3519 τοῦ
1239 3469 1334 3521 σταν-

285 3553 451 3644 ροῦντος.

342 3661 389 3727 T6
413 3666 505 3745 σῶμα
525 3690 579 3728 τον
567 3663 778 3771 Χριστοῦ
764 3687 850 3728 εστιν
867 3691 884 3743 η
905 3661 1023 3775 ψυχή,
1029 3661 1048 3743 6
1067 3665 1104 3728 αἶ
1121 3666 1239 3747 ταύτης
1256 3664 1334 3730 δοιά·

229 3776 316 3834 μεις,
339 3747 358 3829 6
377 3776 410 3812 αι
404 3747 657 3859 ιαἰσθήσεις,
638 3778 654 3828 η
675 3748 710 3814 τό
730 3754 822 3833 σῶμα
842 3774 906 3814 τον
882 3745 1023 3858 *6666*
1007 3776 1155 3862 6666106,
1179 3751 1197 3832 6
1217 3779 1255 3816 τα
1245 3750 1333 3837 μέλη

232 3841 288 3901 τοῦ
318 3835 481 3919 σωματος,
514 3833 533 3915 6
565 3837 600 3900 66
628 3836 816 3946 ἐντολαὶ,
804 3834 821 3915 ή
850 3835 886 3900 αἱ
908 3833 1034 3921 άρεταλ,
1068 3834 1149 3916 606
1171 3839 1267 3951 λόγοι
1288 3842 1333 3904 τόν

232 3921 421 4030 γεγονότων,
457 3921 475 4001 6
505 3919 612 3999 ἅπλῶς
634 3923 736 3987 εἰπεῖν
758 3918 988 4032 ἀληθέστερον,
1020 3922 1089 4010 6666
1112 3950 1148 3990 τε
1171 3932 1229 3991 καὶ
1251 3929 1334 4016 κοινή,

232 4014 328 4074 ταῦτα
351 4006 456 4072 πάντα
479 4015 532 4073 καὶ
556 4008 672 4073 τούτων
695 4008 829 4075 ἕκαστον
850 4008 917 4075 ἐστὶ
940 4008 976 4073 τὸ
1000 3987 1093 4115 σῶμῦι
1113 4037 1173 4076 τοο
1158 4016 1335 4114 Χριστοῦ.

234 4099 378 4177 Σταοροῖ
402 4099 436 4160 δέ
464 4100 574 4171 τοῦτο,
609 4092 703 4203 66066
735 4103 831 4198 ταῦτα
861 4095 963 4159 πάντα
994 4090 1011 4158 6
1042 4095 1262 4178 διάβολος,ἐ
1229 4099 1335 4208 616⁹

234 4183 481 4290 παραδεξαμένην
514 4180 632 4246 τούτων
667 4181 720 4261 τήν
691 4181 941 4286 ησταῦρωσιν,
980 4174 1037 4245 οῦκ
1066 4181 1128 4250 ἐιῦν
1160 4183 1241 4250 αῦτά
1270 4207 1333 4250 κατι

233 4266 330 4375 φύσιν
353 4267 562 4350 ἐνεργεῖσθαι
604 4265 719 4378 Ἰωσήφ
744 4267 812 4332 66
800 4267 1018 4378 ερμηνρεύεται
1023 4268 1102 4333 κατά
1126 4271 1183 4350 τήν
1194 4269 1334 4382 Ἑβραίων

234 4352 356 4440 φωνήν,
392 4353 588 4437 Πρόςθεσις,
614 4350 789 4442 Ἅριμαθία
812 4358 862 4437 δέ,
885 4347 1018 4438 Λρον
1005 4365 1117 4421 εκεῖνο.
1178 4350 1331 4436 Ποῦςοένν
