2752 4778
61 351 110 396 οιι
124 330 276 412 5.185·555
310 325 467 410 άληθινῆν
499 329 624 413 σοφίαν
641 327 648 414 Ι
667 333 721 394 καλ
755 327 900 440 555555‚
934 323 1016 393 5555
1018 326 1132 437 πρός
1157 321 1259 392 αδτδν
1281 320 1323 391 δέ

221 416 359 502 νεάωμεν
379 416 496 497 μόνον,
519 419 574 479 καὶ
597 414 733 524 ζητῶμεν
754 425 823 490 ταῖς
845 413 971 480 ἐκεῖθεν
988 409 1102 498 αῦγαίς
1119 408 1322 514 ἰναστράπνι·
1363 438 1366 443 ·

221 509 322 584 σθαι,
350 502 412 568 εἴτε
440 499 493 565 διιλ
522 505 577 579 τῆς
604 497 787 608 άνωμαλίας
814 503 883 608 5555
907 495 1077 584 ἐρωμένων
1103 505 1160 566 καὶ
1186 503 1322 607 περιτρέ-

221 594 397 700 νομένων,
417 585 610 698 μετάγοντος
629 583 740 693 ἡμᾶς
733 585 845 651 ἐπὶ
809 613 845 651 τα
871 583 992 651 ἐστιῦτα
1016 591 1070 650 καλ
1080 588 1244 735 χιένοντα
1280 576 1326 649 θί

222 682 345 755 τοίνυν,
374 669 416 749 ιῦς
445 666 554 777 οἶμαι,
583 676 636 751 τῆς
664 671 743 738 κατὰ
771 670 826 751 555
854 675 977 780 γένεσιν
1005 675 1059 751 τῆς
1104 668 1321 758 νθρωπότηινε

220 760 361 836 “αἰτίας
387 759 421 824 ἐν
442 759 584 835 τούτοις,
615 754 658 834 ὥς
667 759 823 867 εἴρηται,
855 755 872 823 5
897 756 1090 834 διδάσκαλος
1112 768 1257 823 ποιεῖται
1276 752 1321 835 55¹

222 845 374 953 δήλωσιν,
412 842 492 910 ιλλλά
520 848 574 923 τῆς
600 843 678 927 μετά
707 844 761 923 555
785 846 913 928 γένεσιν
932 843 1177 952 ἐπειςαχθείσης
1200 845 1238 934 55
1256 836 1320 927 5555

221 937 296 1041 τέρηι
320 934 400 1041 ζωῇ
402 933 456 996 διὰ
478 930 533 1007 555
550 929 735 1012 παράβασιν
754 927 1033 1039 ταλαιπωρίας,ε
1010 954 1052 1006 ως
1069 940 1139 1006 τοῖς
1155 911 1320 996 σπόυδιιιο·

223 1023 317 1105 τέρως
348 1021 401 1084 καὶ
429 1015 662 1124 ἐμμελεστίρφς
688 1026 755 1092 τοις
775 1022 882 1092 θείοις
904 1013 1003 1082 αἰτοῦ
1024 1015 1213 1125 γράμμασιν
1234 1015 1319 1098 ἐμμ-
1363 1058 1366 1063 -

221 1109 355 1170 λετιῦσίν
377 1106 443 1168 ἐστι
447 1105 653 1212 καταφανές.
700 1101 831 1213 Ταότης
844 1106 904 1185 μὲν
925 1101 985 1210 γάρ
1008 1098 1063 1206 555
1085 1101 1187 1211 ὅθεν,
1215 1105 1270 1167 καλ
1280 1092 1320 1165 ,δι’

223 1186 259 1266 5,
282 1195 337 1255 καὶ
363 1185 450 1275 55
435 1181 478 1266 οἰ,
500 1194 554 1253 καὶ
577 1213 614 1252 ου
602 1179 797 1267 555555'
762 1195 885 1265 αιτίαν,
910 1187 962 1252 διά
986 1186 1106 1253 τούτων
1128 1184 1206 1296 5555
1226 1210 1319 1273 παρο-

222 1281 348 1343 τίθεται
377 1277 439 1339 νοῦν
443 1238 569 1356 λόγων
598 1269 638 1338 δι’
666 1271 759 1353 αῦτῆς
787 1273 841 1354 555
870 1273 1141 1359 οἰκονομουμένην
1162 1271 1320 1382 555555·

223 1362 292 1470 φάς
320 1359 441 1441 Μἰταριλ
471 1364 529 1424 τοῦ
556 1364 639 1424 θεοῦ
642 1365 826 1464 σωτηρίαν
854 1363 972 1440 δηλοῦν·
1008 1360 1128 1439 ἐκείνης
1148 1363 1185 1425 δέ
1208 1352 1320 1465 τλνέχ

222 1439 249 1536 ᾧ
270 1450 430 1550 γεγένηται
452 1452 615 1552 μυστηρίῳ
637 1438 844 1556 ῦπεμφαίυων
866 1443 1002 1529 δυ’ναμιν
1015 1444 1122 1556 ἐτέρφ
1146 1442 1254 1530 λόγων
1276 1446 1318 1553 κέ·

221 1558 341 1638 χρηιαι
367 1530 492 1635 τρόπῳ,
529 1530 607 1596 ὅλον
637 1529 736 1596 αῦτοῦ
756 1537 832 1642 περὶ
853 1530 968 1596 τοῦτον
990 1529 1049 1597 555
1071 1529 1186 1614 555555
1208 1554 1320 1605 σκοπον

223 1617 364 1704 φανερὸν
383 1612 595 1699 ποιοόμενος,
620 1612 663 1691 ὥς
684 1617 717 1682 ἐν
738 1623 783 1704 τῷ
804 1618 850 1693 εἰς
871 1617 910 1682 τολ
931 1620 1082 1701 γενέθλια
1077 1616 1254 1730 λόγιμΗ
1210 1621 1366 1683 δείκνυ·
1359 1662 1366 1691 ι

222 1729 275 1769 ται
297 1707 411 1786 λέγων,
442 1707 529 1778 Νοῦς
549 1707 608 1786 555
630 1695 686 1767 οῦν
707 1682 771 1782 555
788 1709 842 1768 καλ
864 1703 1020 1783 αἴσθησις
1043 1702 1144 1780 οῦτως
1160 1729 1209 1769 απ
1204 1696 1318 1814 '555

223 1796 306 1856 λινν
315 1791 521 1875 διακριθέιτα
551 1787 612 1853 τυῦν
643 1788 776 1867 ἰδίων“
755 1814 840 1874 ορων
862 1788 951 1866 ἐντός
972 1787 1190 1900 55555555555,
1220 1785 1319 1856 καλτδ

189 1889 190 1892 ’
224 1880 281 1942 τοῦ
303 1879 499 1979 δημιουργοῦ
520 1873 617 1959 λόγου
638 1881 808 1957 μεγαλεῖον
830 1875 898 1940 ἐν’
885 1887 1010 1951 εαυτοίς
1027 1876 1161 1960 ἐφερον,
1182 1878 1321 1984 55555555

223 1961 386 2028 ἐπαινέται
415 1965 468 2040 τῆς
493 1967 727 2071 μεγαλουργίας
753 1967 807 2026 καλ
837 1959 1028 2044 διαπρόσιοι
1037 1962 1205 2067 υιη’ρυκες·
1242 1959 1321 2028 οῦκιι

224 2039 299 2113 δ”ἐ
281 2073 317 2127 55
339 2045 445 2129 κράμα
468 2045 727 2158 55'555015555,q
745 2044 821 2113 οῦδέ
833 2073 879 2124 τις
899 2050 987 2129 μίξις
1009 2051 1071 2113 τῶν
1088 2052 1322 2126 ἐναντίωι,σο·

122 2208 124 2213 ¹
182 2148 184 2152 ’
224 2140 301 2243 φίας
320 2134 467 2241 μείζονος
487 2158 524 2215 γι
526 2158 652 2231 υιρισμα
675 2138 728 2198 καὶ
752 2137 806 2213 τῆς
821 2140 894 2217 περὶ
913 2132 969 2211 τάς
987 2133 1101 2238 φάσεις
1116 2138 1323 2241 πολυτελείας,

189 2298 191 2301 .
225 2215 344 2287 οῦδὲ(
327 2244 345 2286 ο
374 2223 437 2296 πᾶς
464 2215 603 2330 πλοῦτος
630 2223 683 2299 τῆς
711 2214 913 2302 άγαθότητος
933 2219 1102 2326 γνώριμος.
1154 2224 1262 2286 Τοῦτο
1290 2217 1321 2298 55

222 2310 394 2419 βουληθείς
429 2301 447 2370 5
467 2312 623 2411 τεχνίτης
658 2305 884 2382 ἐπιδείξασθαι
900 2305 1016 2412 λόγος
1042 2310 1098 2371 καί
1126 2306 1209 2384 ζῶον
1235 2303 1324 2381 ἐιέξ

63 2423 111 2465 55
123 2417 216 2464 ιιεοι.
225 2390 430 2501 ἀμφοτέρων,
458 2382 599 2502 5555505
630 2393 786 2502 λέγωκαὶ
816 2389 932 2500 ἐρατῆς
956 2392 1127 2500 φῦσεως,Ι
1147 2396 1327 2502 δημιουργοί

225 2477 282 2544 τόν
310 2475 503 2560 άιθρωιιον,
532 2484 586 2542 καὶ
586 2481 696 2585 παριλ
716 2482 776 2560 555
798 2483 852 2557 τῆς
872 2478 945 2558 ῦλης
966 2477 1072 2561 λαβὼν
1093 2475 1131 2543 νδ
1155 2483 1250 2559 σῶμα
1272 2475 1324 2558 555
1362 2424 1366 2539 λ

224 2561 509 2674 προῦποστάσης,
523 2588 588 2645 παρ
632 2561 747 2627 ἐαυτοῦ
773 2568 808 2629 δέ
837 2561 915 2667 ζωιλν
944 2562 1050 2639 ἐνθεὶς
1083 2560 1117 2648 (5
1146 2563 1183 2643 δι)
1215 2544 1366 2670 νοεριλιλ

63 2649 328 2734 ¹¹⁶·152755555
356 2655 410 2715 καὶ
438 2646 546 2713 εικόνα
576 2652 660 2713 θεοῦ
688 2643 821 2714 οἶδεν
803 2676 822 2714 ο
849 2648 973 2733 λόγος),
1012 2645 1085 2715 οἰόν
1112 2676 1183 2715 τινα
1206 2649 1326 2760 κόσμον

224 2735 371 2819 δεῦτερον
394 2736 426 2800 ἐν
447 2738 553 2841 μικρῷ
572 2738 672 2846 μέγαν
690 2734 742 2843 555
761 2739 815 2814 τῆς
830 2740 890 2844 γῆς
901 2737 1045 2816 ἵστησιν,
1055 2733 1207 2847 ἄγγελον
1222 2733 1366 2841 5555*
1363 2790 1366 2845 Ι

224 2818 432 2930 προςκυνχτληυ
457 2818 571 2904 μικτὸν
598 2827 652 2886 καὶ
681 2820 718 2885 τά
747 2817 933 2928 5555'12'5
962 2827 997 2888 δέ
1026 2827 1070 2910 τῷ
1098 2822 1145 2898 εἰς
1170 2819 1209 2887 τά
1240 2826 1366 2932 5555

223 2907 326 3014 λόγῳ·
357 2903 443 2971 Επεὶ
472 2909 508 2971 δέ
538 2905 619 2971 οῦτω
648 2911 746 2972 ταῦτα
774 2906 793 2985 5
818 2911 931 2972 τοῦτο·
966 2907 1031 2974 ἐδει
1051 2886 1088 2973 δὲ
1109 2906 1152 2992 55
1174 2907 1280 2986 παῦς’
1264 2905 1326 2975 άιω

222 2993 325 3078 55505
352 2990 407 3072 555
433 2992 645 3105 προςκόνηιιιν
666 2990 948 3102 περιγράφεσθαι,
973 2991 1040 3060 ἀλλ’
1062 2987 1148 3059 εἰναί
1167 3019 1257 3072 τινας
1276 2998 1326 3061 καί

223 3079 309 3146 κάτιυ
331 3078 559 3162 προςκυνητιλς,
585 3081 640 3145 ἰνα
640 3083 820 3184 πληρωθῇ
842 3079 878 3144 τά
901 3079 1004 3145 πάντα
1027 3079 1123 3160 δόξης
1142 3084 1252 3160 θεοῦ,
1261 3079 1326 3147 ἐπεὶ

223 3172 276 3232 καλ
305 3169 493 3231 θεοῦ·καί
523 3164 576 3229 διιλ
598 3169 692 3230 τοῦτο
715 3147 852 3242 κτίζεται
874 3163 1049 3275 άνθρωπος
1068 3172 1155 3251 χειρί
1177 3171 1263 3233 θεοῦ
1281 3192 1327 3231 τι·

221 3258 337 3364 μχθελς
358 3257 412 3317 καλ
434 3249 544 3317 εἰκόνι.
589 3247 717 3360 Ἀρκείν
739 3256 798 3356 555
819 3258 873 3317 καλ
895 3257 993 3317 ταῦτα
1012 3249 1250 3336 ῦπολαμβάνιο,
1271 3248 1328 3321 κάν

222 3339 251 3405 εἰ
273 3336 380 3444 μικρά
394 3337 563 3441 τυγχάνοι,
587 3342 631 3424 τῷ
651 3335 693 3422 55
716 3337 816 3416 πάντη
839 3344 1027 3446 φιλονείκως
1049 3341 1254 3446 διακειμένῳ,
1276 3344 1328 3405 καὶ

221 3423 324 3532 μόνον
345 3421 382 3488 τό
404 3423 571 3527 μάχεσθαι
594 3402 745 3499 ἐπίδοξον
767 3431 926 3506 κρίνοντι,
958 3423 1041 3507 πρός
1062 3422 1099 3490 τό
1122 3403 1328 3502 ἐνδείξασθαι

222 3508 277 3589 555
307 3509 383 3589 ὅλην
410 3513 468 3574 τοῦ
496 3508 691 3575 διδασκάλου
714 3516 788 3597 περὶ
811 3514 873 3575 ταῦν
894 3511 1065 3616 εἰρημένων
1087 3508 1246 3576 διάνοιαν.
1288 3510 1327 3575 Εἰ

223 3595 297 3663 δέν
279 3621 325 3662 ειι
348 3602 423 3704 περὶ
446 3598 503 3660 τοῦ
523 3599 591 3671 πιῦς
612 3600 694 3661 θεοῦ
714 3607 849 3705 μοῖραν
857 3591 875 3660 5
897 3593 1128 3674 διδάσκαλοςε
1112 3600 1195 3681 ημᾶς
1223 3594 1327 3664 ἐκάλε-

222 3707 276 3750 σεν
305 3677 525 3785 ιίπομάχεται,
553 3686 723 3766 πολλαχῶς
749 3687 808 3765 μὲν
830 3679 929 3762 5³55
909 3686 1055 3767 ανυιτέρω
1078 3679 1095 3749 5
1115 3689 1218 3795 περὶ.
1216 3681 1327 3750 τοῦτον

222 3765 416 3835 ιίποδέδοται
439 3766 544 3850 λόγος.
582 3768 648 3832 ‘'155
670 3772 706 3833 δέ
722 3767 913 3875 πιστότερος
930 3774 1055 3882 γένηται
1072 3779 1143 3845 τοϊς
1159 3773 1218 3835 τοῦ
1235 3767 1328 3836 πνεῦ-

221 3879 322 3939 ματος
349 3853 550 3961 ἐρειδόμενος
578 3851 753 3936 λόγοις,
735 3881 752 3920 ο
777 3855 870 3940 άγιος
889 3863 943 3920 καὶ
965 3854 1125 3963 μακάριος
1146 3851 1329 3932 ἀπόστολος

222 3935 420 4020 11550;‚‘
403 3966 420 4004 ο
445 3938 499 4018 555
521 3935 798 4051 άποκεκρυμμέυην
819 3941 853 4007 ἐν
868 3946 940 4052 555
941 3946 1011 4030 θεῷ
1031 3940 1094 4026 πρὸ
1117 3945 1183 4005 νοῦν
1205 3941 1329 4008 αἰώνων

222 4024 437 4111 κομισάμενος
464 4031 601 4109 σοφίαν,
634 4032 687 4091 καὶ
717 4025 1041 4135 55515555555555
1063 4031 1125 4092 τυῦν
1146 4023 1329 4112 ἀνθρώπων

220 4118 295 4198 βίον
323 4119 563 4195 καταφωτίσας,
595 4118 647 4177 καὶ
676 4116 729 4190 τῆς
757 4113 891 4197 οἰγνοίας
919 4139 975 4180 τον
1004 4113 1105 4198 ζόφον
1132 4117 1197 4180 νοῦν
1216 4117 1335 4200 ψυχάν

291 4316 333 4370 58.
352 4315 441 4374 αἰτίας
459 4316 621 4367 desideratur
637 4317 664 4364 in
683 4318 724 4369 ed.
743 4317 797 4369 Gal.
