2752 4778
1180 203 1253 278 ete

140 385 325 460 apostolus,
349 390 517 445 extremam
537 385 754 447 beatitudinem
773 386 880 446 dicens
898 389 980 446 omni
1004 400 1063 459 quo
1080 387 1258 446 *nominetur

140 472 271 531 nomine
294 473 481 546 superiorem
504 488 590 546 esse,
626 487 686 530 non
700 471 808 533 ‚solum
830 474 861 531 in
884 471 942 532 hoc
965 488 1056 544 aero,
1089 471 1257 533 sedetiam

138 559 174 616 tn
205 557 306 618 futuro
340 557 516 635 significans
553 573 704 617 summum
740 564 810 633 post
844 557 988 619 universa
1023 556 1105 617 dona
1140 559 1257 634 gratiae

139 642 239 719 plene
270 643 446 716 distributa,
476 649 605 719 postque
635 643 745 705 factam
769 647 998 717 ascensionem,
1028 643 1258 704 manifestatum

139 730 181 788 iri
214 731 363 791 bonorum
393 729 531 801 culmen,
559 729 640 805 qnod
668 731 751 790 nullo
782 733 875 790 verbo
904 737 957 791 aut
978 732 1102 790 notione
1123 727 1182 789 diei
1204 734 1259 789 aut

140 814 282 893 intellegi
312 825 418 891 queat,
448 821 508 876 tam
538 832 642 877 eorum
673 817 820 877 bonorum
852 833 930 891 quae
959 817 1017 877 hoc
1040 831 1117 877 aevo
1140 817 1259 891 possint

142 903 255 978 attingi
284 917 377 976 quam
406 918 510 962 eorum
540 919 617 977 quae
645 904 676 961 in
704 903 807 964 futuro
837 905 898 963 sint
919 904 1111 980 apparitura,
1141 919 1178 962 ac
1199 901 1259 961 for·

142 995 233 1047 tasse
264 989 413 1049 nominari
443 1005 461 1046 a
489 991 578 1049 nobis
607 995 638 1049 et
666 989 802 1066 intellegi
830 991 963 1065 capiant.
1020 987 1147 1065 Semper
1178 989 1258 1048 enim

141 1076 199 1149 qui
230 1073 333 1134 caelos
363 1075 555 1151 pertransivit
584 1074 686 1148 lesus,
722 1075 771 1134 dei
801 1074 926 1147 Sermo,
957 1081 987 1136 et
1017 1076 1134 1136 cunctis
1165 1074 1258 1134 caelis

143 1161 288 1236 superior
316 1161 431 1231 factus,
462 1177 516 1221 eos
539 1162 591 1236 qui
613 1163 732 1223 actione
755 1170 786 1221 et
808 1161 1064 1237 contemplatione
1086 1163 1186 1237 ipsum
1209 1177 1260 1221 se-

143 1250 284 1321 quuntur
311 1245 349 1306 de
378 1248 529 1321 peioribus
559 1247 599 1308 ad
631 1248 756 1308 meliora
786 1249 930 1309 transfert
958 1256 1048 1323 atque
1079 1248 1257 1323 transponit,

143 1339 179 1393 et
208 1332 246 1392 de
275 1332 324 1392 bis
348 1333 387 1393 ad
409 1333 472 1394 alia
494 1350 573 1409 quae
595 1336 687 1394 etiam
710 1333 759 1394 bis
783 1336 940 1411 superiora
963 1341 1052 1408 sunt,
1083 1338 1114 1394 ei
1136 1341 1169 1393 ιιι
1192 1334 1259 1392 bre·

143 1420 226 1478 viter
249 1418 366 1495 dicam,
390 1425 511 1495 tempus
533 1421 691 1492 deficeret,
715 1422 742 1480 si
762 1421 882 1482 divinas
905 1426 1080 1482 sanctorum
1104 1421 1260 1481 ascensio·

143 1520 205 1564 nes
236 1509 265 1564 et
293 1505 495 1566 revelationes
512 1515 575 1583 'per
597 1507 736 1584 singulas
760 1507 798 1567 de
821 1507 918 1584 gloria
940 1506 979 1567 ad
1002 1506 1130 1584 gloriam
1152 1508 1260 1565 immu-

143 1592 294 1654 tationes=
312 1608 455 1653 enarrare
487 1593 611 1663 vellem,
641 1593 740 1653 donec
762 1610 850 1654 suam
875 1595 1003 1669 quisque
1026 1601 1056 1654 et
1077 1593 1261 1653 convenien-

144 1685 210 1738 tem
242 1693 298 1738 suo
328 1678 426 1737 ordini
455 1681 626 1755 accepisset
648 1680 877 1741 deificationem.
930 1678 1036 1756 ltaque
1059 1695 1191 1754 magnus
1212 1677 1260 1737 hic

143 1763 257 1823 doctor
279 1765 344 1824 eius
368 1764 551 1838 quodcirca
575 1766 665 1825 deum
688 1765 837 1827 habemus
862 1766 1010 1827 naturalis
1033 1766 1194 1835 desiderii,
1223 1762 1260 1824 de

144 1865 211 1924 quo
233 1866 325 1925 supra
348 1850 496 1926 diximus,
530 1867 646 1929 gnarus
672 1853 849 1919 adhortatur
872 1869 978 1913 omnes
1008 1860 1038 1913 et
1066 1869 1120 1927 per
1150 1851 1261 1912 doctri·

144 1951 223 1996 nam
264 1952 350 1996 suam
389 1944 478 1998 vocat
515 1938 554 1998 ad
591 1939 778 2013 spiritualem
815 1942 887 2017 agni
923 1955 976 2014 pro
1013 1940 1102 2000 nobis
1138 1937 1261 1998 mactati

144 2023 371 2100 gestationem,
413 2040 597 2099 servareque
636 2024 749 2084 diserte
790 2031 882 2099 atque
922 2025 1032 2085 utiliter
1069 2022 1261 2085 commendat

145 2110 354 2171 membrorum
378 2126 524 2181 suorum,
552 2110 612 2170 hoe
636 2116 683 2170 est
705 2111 793 2189 agni,
823 2113 1035 2188 compaginem
1058 2112 1208 2187 integram
1230 2115 1261 2170 et

145 2194 357 2269 inconfusam,
393 2213 432 2256 ne
462 2196 700 2257 condemnemur
729 2196 810 2271 quod
839 2197 932 2257 divini
953 2199 1086 2274 corporis
1108 2196 1261 2273 compagi·

147 2296 221 2341 nem
249 2283 430 2342 concinnam
462 2282 672 2343 distrahamus
702 2289 732 2344 et
758 2283 968 2356 lancinamus,
998 2284 1199 2354 audacterve,
1229 2288 1261 2342 ut

147 2382 248 2442 supra
269 2368 462 2444 facultatem,
492 2376 544 2429 aut
568 2369 697 2445 nefarie,
727 2375 888 2430 utcontra
910 2370 1101 2440 facultatem,
1134 2369 1205 2446 agni
1230 2372 1261 2427 et

146 2456 302 2514 sermonis
333 2470 440 2515 carnes
469 2455 684 2516 comedamus:
714 2472 818 2518 verum
849 2459 1060 2532 unusquisque
1089 2471 1141 2532 pro
1164 2453 1259 2514 facul·

147 2545 217 2601 tate
245 2556 302 2600 sua
331 2547 361 2600 et
389 2541 512 2614 ordine,
540 2558 655 2618 proque
684 2543 807 2619 spiritus
837 2545 951 2620 gratia,
982 2559 1060 2619 quae
1089 2543 1116 2602 ei
1145 2541 1259 2618 obtigit,

146 2627 286 2687 divinum
315 2643 488 2687 sermonem
517 2629 710 2704 participato,
750 2644 804 2704 pro
836 2628 1023 2705 singulorum
1057 2630 1260 2689 membrorum

146 2713 334 2790 significatu.
387 2711 436 2773 Sic
460 2721 549 2790 caput
571 2715 692 2790 quidem
714 2717 904 2791 participabit
925 2718 951 2775 is
974 2717 1024 2791 qui
1046 2732 1085 2776 ex
1107 2714 1260 2791 principiis

146 2814 231 2874 quae
259 2799 462 2860 demonstrari
491 2808 648 2876 nequeunt
672 2801 759 2862 iidem
784 2803 840 2861 sibi
864 2803 1014 2877 quaesivit
1035 2802 1125 2878 plane
1147 2801 1260 2861 liberas

147 2886 316 2946 habentem
346 2888 426 2947 cirea
454 2887 639 2965 theologiam
662 2890 812 2963 rationes,
841 2888 923 2948 unde
946 2893 1192 2967 coagmentatum
1216 2891 1261 2947 to·

146 2979 216 3033 tum
239 2973 380 3033 virtutum
402 2989 512 3049 corpus
530 2979 560 3034 et
577 2975 784 3050 cognitionum
803 2975 997 3050 spiritualiter
1014 2981 1115 3052 auget.
1160 2975 1260 3032 Aures

146 3074 225 3118 vero
254 3059 446 3134 participabit
473 3062 499 3119 is
530 3061 580 3134 qui
610 3059 728 3120 divinas
751 3061 886 3121 rationes
907 3061 1101 3136 spiritualiter
1124 3075 1192 3119 cum
1215 3060 1261 3118 in-

148 3143 326 3221 tellegentia
355 3147 483 3221 recepit,
513 3161 628 3221 perque
659 3162 712 3206 eos
744 3145 783 3206 ad
813 3153 940 3206 mortem
962 3164 1062 3222 usque
1084 3148 1171 3207 factis
1196 3146 1260 3204 suis

147 3230 359 3290 oboeditum
382 3238 474 3307 atque
496 3234 704 3309 morigeratur.
767 3231 879 3292 Oculos
901 3250 1011 3308 porro,
1043 3235 1092 3307 qui
1116 3231 1260 3292 conditio-

149 3333 223 3377 nem
253 3317 446 3392 spiritualiter
465 3319 626 3389 ,intuetur,
658 3333 826 3394 omnesque
856 3326 886 3380 et
908 3319 1070 3379 sensuales
1093 3324 1124 3379 et
1145 3317 1262 3378 intelle-

147 3402 269 3464 ctuales
287 3406 419 3464 rationes
439 3406 505 3465 sine
526 3403 706 3465 offendiculo
724 3405 763 3465 ad
781 3407 1054 3468 consummandam
1073 3406 1163 3466 unice
1180 3406 1262 3482 cogit

147 3489 200 3549 dei
223 3490 360 3566 gloriam.
416 3490 523 3551 Pectus
547 3498 648 3552 autem
671 3494 861 3568 participabit
884 3495 934 3567 qui
957 3494 1089 3552 animum
1112 3491 1261 3567 theologi-

148 3576 195 3635 cis
219 3575 524 3653 contemplationibus
548 3579 704 3653 expletus,
744 3578 913 3640 secandum
938 3595 1082 3656 magnum
1106 3577 1261 3653 evangelie.

149 3667 231 3722 stam
264 3660 425 3737 loannem,
463 3664 598 3724 adinstar
633 3663 724 3724 fontis
749 3666 903 3739 perennis
936 3667 1202 3742 rationemsuam
1230 3668 1261 3722 et

148 3747 290 3819 modum,
321 3754 496 3810 cunctorum
526 3751 747 3826 providentiam
770 3749 1038 3825 complectentem,
1070 3750 1119 3826 pie
1139 3747 1260 3808 discen-

148 3836 232 3894 tibus
261 3834 423 3909 profundit.
479 3835 588 3896 blanus
617 3850 741 3907 rursus,
775 3840 810 3896 ut
838 3851 892 3911 par
922 3843 985 3909 est,
1018 3839 1180 3913 participat
1209 3836 1259 3908 qui

148 3920 308 3981 actionum
337 3920 481 3981 divinitus
510 3922 743 3998 prohibitarum,
779 3923 844 3980 sive
865 3939 918 3997 per
939 3925 1095 4000 ignaviam
1119 3923 1184 3981 sive
1206 3937 1261 3994 per

148 4004 374 4083 neglegentiam
397 4013 551 4082 perpetrat
573 4006 705 4080 nullam,
733 4009 788 4067 sed
810 4024 919 4067 omnes
942 4011 1063 4071 animae
1086 4011 1116 4067 in
1139 4006 1260 4083 agendo

141 4094 230 4170 'vires
261 4092 300 4152 ad
329 4092 511 4167 perficienda
542 4095 590 4154 dei
613 4093 761 4154 mandate
783 4101 909 4170 paratas
934 4094 1026 4156 babet
1047 4100 1140 4170 atque
1161 4095 1260 4153 inten-

147 4185 210 4240 tes.
273 4176 416 4239 Ventrem
450 4196 541 4254 vero,
577 4182 627 4255 qui
662 4182 797 4255 animae,
833 4180 915 4255 quod
950 4198 1070 4258 semper
1103 4180 1259 4248 scaturiat,
