2768 4784
235 200 312 279 2136

238 385 358 452 τούτων
380 388 550 492 χωρὶς
506 379 545 446 66³
551 381 759 483 εἰλικρινοῦς
781 387 917 455 πίστεως
935 379 1024 489 μόνιυ
1048 383 1092 468 τῷ
1114 381 1167 445 666
1190 381 1226 446 66
1250 377 1348 465 άιιρό5

239 495 333 537 ταιον
371 467 498 577 αγαθδν
535 463 645 551 άγοιτι
674 465 766 573 λόγῳ
804 491 939 574 γνησιιος
971 444 1257 546 άκολουθήσαντα,
1295 472 1349 575 ιιιλ1

237 553 372 643 μηδενός
407 552 473 619 κατ’
506 554 632 620 ἔννοιαν
660 552 695 617 τδ
717 551 880 660 παράπαν
909 549 1090 661 άπτόμενον
1111 550 1349 662 πράγμιιτοςῆ1

238 638 437 726 λογισμοῦ
418 668 435 720 η
460 639 619 724 νοήματος
641 633 690 714 οἷς
713 665 729 717 η
743 661 895 715 οπιοςουν
919 630 1000 704 6666
1021 636 1149 716 παντδς
1162 636 1220 705 τοῦ
1244 635 1348 715 δΜ

240 733 297 795 οῦν
325 731 498 810 νοουμένου
528 751 561 791 τε
590 731 644 790 καλ
675 723 769 800 ὄντος
772 725 885 828 φύσις
907 750 939 790 τε
961 731 1015 789 καλ
1036 729 1155 808 γνῶσις
1173 721 1348 791 66666666

239 820 292 881 καὶ
322 814 525 901 ἐμφαίνεται,
558 811 683 892 ὐλςπερ
713 806 800 887 εἰκός
829 810 920 875 τδν
906 809 1045 876 ἕπεσθαι
1066 818 1203 895 γνησίως
1222 814 1349 900 προθύ-

238 925 335 985 μενον
364 903 408 986 66
437 896 638 978 διεληλυθότι
668 895 741 973 τοῦς
770 893 925 1004 οῦρανοῦς
943 893 1071 978 Ἰησοῦ,
1099 904 1170 963 καὶ
1171 901 1221 1007 τή
1237 912 1348 1007 '6666-

239 989 336 1062 δείξει
359 1013 415 1051 του
401 989 531 1050 θείου
554 979 661 1087 φωτδς
682 986 857 1062 δυνηθῆναι
880 981 934 1061 τήν
954 979 1061 1063 άληθή
1082 988 1144 1049 τών
1166 982 1287 1066 ὄντων,
1307 978 1349 1060 υλς

238 1073 326 1139 ἔστιν
347 1068 510 1157 ἀνθρώπῳ
531 1065 679 1146 δυνατόν,
703 1072 964 1153 συνεκδοχικιῦς3
976 1066 1198 1146 ῦποδέξασθαι
1220 1075 1346 1154 γνιῦσιγ

242 1208 384 1337 Θεωρία
415 1215 483 1281 τοῦ
514 1206 656 1304 τρόπον
686 1205 820 1277 καθ’(
809 1203 854 1280 δν
884 1203 978 1332 6666
1008 1205 1075 1281 τὸν
1102 1205 1264 1305 φυσικὸν
1285 1206 1347 1283 κοιλ

290 1313 357 1387 τὸν
378 1308 551 1438 γραπτὸν
570 1306 691 1401 νόμον
715 1307 858 1407 γίνεται
883 1338 903 1382 ο
891 1306 988 1383 διά
1014 1308 1167 1384 πάντων
1188 1316 1245 1408 τιῦ
1259 1312 1348 1409 θεῷ
1372 1316 1381 1401 ζ

290 1412 489 1516 γενόιιενος
514 1376 699 1507 εὐπειθής

344 1529 385 1591 Εἰ
415 1525 475 1612 γιλρ
505 1531 595 1593 πάσα
624 1523 641 1606 6
665 1530 727 1591 τιῦν
750 1525 850 1594 όντων
872 1529 968 1614 φύσις
989 1529 1035 1606 εἰς
1056 1528 1096 1594 τά
1118 1528 1213 1607 νοητά
1234 1535 1288 1596 καὶ
1310 1527 1347 1595 τῦ
1378 1562 1383 1567 ·

240 1613 380 1695 αἰσθητιλ
404 1613 563 1724 διήρηται,
598 1619 651 1678 καὶ
674 1611 711 1676 τά
733 1619 792 1697 μὲν
813 1619 934 1723 λέγεται
958 1621 1012 1722 κριὶ
1035 1614 1123 1682 ἔστιν
1144 1614 1292 1698 αἰώνια,
1308 1602 1349 1693 υλς

240 1700 273 1769 ἰν
295 1702 387 1767 αἰῶνι
417 1705 474 1765 τοῦ
503 1693 584 1765 εἰναι
614 1698 824 1781 6660'666'
804 1699 921 1809 αρχή,ν
950 1698 987 1765 τά
1011 1705 1046 1766 δὲ
1066 1702 1223 1807 χρονικά,
1252 1699 1306 1779 ιῦς
1293 1696 1348 1767 6

239 1786 346 1899 χρόνῳ
378 1790 592 1894 πεποιημένα,
625 1790 679 1849 καλ
713 1784 750 1849 τολ
783 1791 842 1870 μὲν
875 1784 1049 1853 ῦποπίπτει
1082 1789 1208 1871 νοήσει,
1241 1788 1322 1874 τά·
1307 1782 1349 1854 66

240 1873 412 1955 αἰσθήσει,
445 1871 499 1937 διιλ
527 1869 581 1951 τήν
610 1874 706 1935 ταῦτα
733 1869 927 1980 6666666'
913 1879 1168 1983 επισφίγγουσαν
1193 1878 1249 1939 τοῦ
1270 1870 1348 1981 κατιλ

241 1961 338 2070 φύσιν
359 1961 510 2045 σχετικοῦ
532 1955 704 2041 ἰδιώματος
725 1957 841 2024 ἄλυτον
864 1959 997 2043 δύιαμιν
1008 1958 1132 2072 (πολλή
1150 1960 1211 2045 γάρ
1232 1958 1249 2041 6
1268 1956 1349 2048 πρδς

241 2046 277 2112 τιλ
300 2046 457 2157 νοούμενα
479 2049 540 2110 τών
566 2043 724 2110 ιοούντων
745 2051 799 2109 καὶ
821 2044 903 2131 πρδς
924 2045 961 2110 τιλ
983 2046 1124 2127 αἰσθητά
1146 2050 1209 2112 τών
1229 2048 1348 2154 αἰσθα·
1378 2081 1381 2084 ·

240 2138 380 2218 νομένων
411 2129 427 2211 6
458 2134 599 2217 σχέσις,
617 2125 634 2194 6
663 2135 698 2194 δὲ
727 2107 942 2241 άνθρωπος’
929 2157 963 2198 εκ
994 2137 1097 2242 ψυχῆς
1125 2139 1178 2243 καλ
1201 2133 1348 2241 6666m3

240 2220 402 2329 τργχάνων
432 2219 626 2298 αἰσθητικοῦ
656 2214 708 2280 διιλ
738 2220 791 2297 τῆς
818 2216 884 2282 κατ’
913 2217 1093 2302 ἐπαλλαγὴν
1113 2219 1197 2305 πρὸς
1216 2218 1347 2331 ἑκάτερα

240 2306 277 2370 τδι
309 2309 361 2386 τῆς
389 2311 519 2381 κτίσεως
548 2301 692 2387 τμήματα
721 2308 855 2387 φυσικῆς
883 2304 1022 2388 σχέσεώς
1049 2330 1081 2370 τε
1110 2312 1164 2371 καλ
1179 2305 1347 2418 ἰδιότητος

240 2398 294 2459 καὶ
322 2389 551 2498 περιγράφεται
582 2394 636 2454 καλ
648 2389 872 2498 περιγράφει,
904 2389 939 2455 τδ
967 2395 1026 2475 μὲν
1053 2396 1091 2482 τῇ
1107 2390 1223 2497 οῦσίρ,
1256 2392 1292 2460 τδ
1312 2396 1346 2461 δι’

77 2494 125 2536 555
140 2489 198 2536 ¹15⁸
214 2495 235 2537 5
227 2505 276 2570 τη
262 2476 446 2561 δυνάμει,
465 2473 513 2563 Ις
490 2501 533 2553 ως
554 2486 622 2551 τοῖς
642 2475 756 2540 ἑαυτοῦ
772 2475 854 2562 πρός
870 2480 968 2582 ταῦτα
986 2455 1210 2591 διαιρούμενος
1223 2472 1345 2565 μέρεσι,

240 2570 293 2630 καλ
323 2569 419 2628 ταῦτα
450 2560 503 2627 διά
533 2565 595 2626 τών
624 2562 751 2627 οἰκείιυν
777 2567 883 2646 μερῶν
910 2560 1012 2651 ἑαυτῷ
1040 2563 1160 2629 καθ’“
1143 2590 1258 2632 ενωσιν
1277 2566 1347 2633 ἐπι-

240 2650 423 2758 σπώμενος·
465 2646 743 2757 περιγράφεσθαι
755 2649 817 2734 γάρ
847 2659 913 2726 τοῖς
942 2661 1066 2729 νοητοίς
1091 2658 1144 2716 καὶ
1167 2652 1347 2763 αἰσθητοῖς,

241 2731 283 2812 ώς
310 2734 394 2819 φυγή
424 2733 583 2819 τυγχάνωι
612 2738 664 2798 καλ
696 2738 805 2838 6666,
834 2741 886 2799 καὶ
917 2736 1127 2840 περιγράφειν
1148 2742 1247 2804 ταῦτα
1270 2739 1346 2806 κοιλ

240 2819 372 2930 δύναμιν
405 2825 558 2930 πέφυκεν,
598 2816 639 2895 ιιλς
671 2823 754 2884 νοών
783 2827 837 2886 καὶ
865 2821 1119 2904 αἰσθανόμενος·
1160 2819 1176 2888 6
1206 2828 1242 2890 δὲ
1270 2827 1346 2903 θεδς

239 2903 348 2982 διπλοῦς
369 2917 422 2972 καὶ
445 2904 604 3011 άορίστως
626 2902 705 3017 ῦπὲρ
724 2905 827 2972 πάντα
846 2905 882 2972 τιλ
902 2905 978 3016 6666
996 2907 1081 2990 ἐστὶ,
1102 2907 1141 2974 τά
1159 2910 1345 2998 περιέχοντά

239 3017 272 3058 τε
294 2999 347 3060 καὶ
365 2992 587 3097 περιεχόμενα
594 2998 647 3057 καὶ
667 2991 738 3074 τήν,
761 2984 804 3058 ών
823 2990 879 3103 οῦκ
899 2991 972 3058 ἄνευ
991 3001 1103 3073 ταῦτα,
1126 2993 1250 3081 χρόνου
1268 3002 1345 3108 φημὶ

239 3085 292 3144 καλ
322 3079 439 3155 αἰῶνος
467 3085 521 3145 καλ
550 3077 651 3144 τόπου
680 3077 793 3185 φύσιν,
823 3073 874 3156 οἷς
901 3078 937 3144 τό
964 3085 1028 3145 πάν
1048 3078 1330 3189 66666666'6666‚‘
1306 3110 1346 3162 ως

239 3169 319 3231 πάσι
331 3163 550 3276 66666666'
536 3161 671 3249 άσχειος
693 3161 764 3246 ών),
796 3201 834 3214 -
870 3163 932 3250 άρα
962 3167 1137 3254 σωφρόνως
1160 3196 1177 3236 ο
1166 3161 1345 3283 ιδιαγνολς

238 3257 306 3329 πώς
328 3252 404 3358 ἐρᾶν
426 3256 482 3317 τοῦ
504 3253 586 3316 θεοῦ
608 3254 673 3331 δεῖ,
696 3255 753 3316 τοῦ
774 3247 852 3335 λπὲρ
876 3251 1047 3335 λόγονκαὶ
1069 3259 1187 3338 γνώσιν
1209 3262 1264 3323 καλ
1285 3256 1345 3324 πά·

240 3364 297 3418 σης
331 3332 439 3414 άπλώς
473 3341 525 3416 τής
558 3300 747 3442 οἱαςδήποτε
777 3337 961 3404 παντάπασι
991 3343 1129 3447 σχέσεως
1141 3340 1344 3453 ἐξῃρημένον

239 3430 292 3489 καὶ
316 3423 452 3544 φύσεως,
482 3422 586 3488 πάντα
608 3420 645 3487 τά
669 3423 810 3532 αἰσθητά
832 3431 885 3490 καλ
908 3424 1003 3530 νοητιλ
1026 3432 1079 3491 καλ
1102 3426 1207 3493 πάντα
1213 3430 1343 3534 χρόνον

240 3515 293 3575 καὶ
316 3511 416 3574 αἰώνα
440 3510 514 3575 ’καὶ
537 3508 639 3575 τόπον
633 3505 802 3621 άσχέτως
823 3511 1079 3625 παρελεύσεται,
1099 3519 1153 3578 καὶ
1175 3513 1281 3597 πάσης
1297 3541 1344 3583 τε·

239 3601 384 3661 λευταῖον
407 3594 539 3675 5669*
503 3622 555 3674 της
577 3593 644 3660 κατ’
666 3595 822 3676 αἶ’σθησιι
816 3605 894 3662 καλ
913 3597 1010 3681 λόγον
1027 3605 1079 3663 καλ
1098 3604 1173 3664 νοῦν
1187 3601 1344 3706 ἐνεργείας

239 3680 351 3747 ἑαυτὸν
373 3678 540 3792 ῦπερφυρῦς
561 3679 793 3766 ἀπογυμνώσας
815 3679 957 3787 άρρήτιος
979 3710 1011 3750 τε
1033 3691 1086 3750 καὶ
1110 3685 1289 3799 άγνώστως
1297 3691 1345 3797 666
1374 3726 1382 3731 ··

240 3763 318 3854 6666
341 3766 514 3873 λόγονκαὶ
536 3772 611 3834 νοῦν
632 3774 727 3846 θείας
750 3788 902 3878 τερπνοτι
905 3796 959 3846 τος
980 3771 1191 3856 ἔπιτεύξεται,
1213 3768 1330 3841 66⁸⁰
1309 3800 1344 3841 οι

241 3847 309 3918 οἰδε
338 3853 460 3937 τρόπον
488 3879 519 3919 τε
548 3860 602 3920 καλ
624 3852 762 3937 λόγον
744 3881 761 3919 ο
786 3855 840 3935 τήν
862 3856 1009 3936 τοιαύτην
1030 3858 1232 3946 δωρούμενος
1253 3860 1345 3972 χάριν

239 3938 319 4016 θεὸς
346 3946 400 4004 καὶ
430 3939 463 4005 66
492 3939 603 4019 ταύτην
631 3940 717 4046 παραὶ
747 3941 830 4008 θεοῦ
858 3941 1019 4027 λαβεῖν’
999 3973 1018 4008 α
1022 3949 1205 4024 ξιωθέντες,
1243 3944 1373 4015 οἰκέτι-

242 4019 333 4132 6666
357 4025 494 4110 φυσικὸν
515 4023 533 4105 6
555 4024 698 4134 γραπτδν
726 4025 828 4116 66666
855 4029 1192 4123 συνεπικομιζόμενος,
1221 4032 1345 4144 πάντων
1382 4045 1384 4048 ‘

240 4105 326 4196 αύτῷ
347 4115 408 4176 τών
430 4109 626 4222 λεχθήναι”
609 4139 625 4191 η
648 4117 833 4196 γνωσθῆναι
856 4119 1035 4200 δυναμένων
1058 4110 1263 4196 παντελώς“
1246 4144 1342 4207 οπερ·
1364 4130 1367 4135 ’

239 4198 406 4272 δοθέντων
426 4203 480 4288 καὶ
503 4203 814 4281 κατασιγασθέκτων.

308 4369 331 4416 2.
351 4362 387 4423 ὡς
404 4363 467 4433 παρ’
490 4366 561 4426 ελκδς
580 4368 658 4432 habet
676 4370 863 4436 apographum.
