2752 4778
607 975 651 1030 Ex
674 977 777 1030 eodem.

123 1082 374 1160 sanctissimo
394 1113 435 1160 ac
455 1087 664 1163 beatissimo
684 1091 957 1192 archiepiscopo
975 1091 1097 1194 Cyzici
1119 1098 1248 1176 Ioanni

554 1222 821 1301 MAXIMUS

466 1361 621 1436 humilis
648 1365 848 1439 monachus
876 1363 911 1439 S.

428 1500 521 1541 tbtit'ttii
547 1503 656 1544 ERIGBNA
683 1504 760 1544 SCOTO
786 1505 948 1544 titilitt’iiElE.

130 1640 313 1730 Laudamur
343 1666 480 1741 quidem,
513 1672 543 1726 et
571 1667 711 1727 fortassis
734 1668 829 1738 iuste,
864 1670 902 1728 ab
925 1671 1066 1730 omnibus
1090 1673 1141 1747 qui
1164 1674 1244 1734 bona

131 1757 255 1830 propter
278 1751 413 1812 studium
436 1751 590 1813 doctrinae
612 1755 814 1832 promptiores
838 1761 959 1826 amant,
989 1763 1020 1816 et
1042 1755 1244 1833 disciplinam,

132 1853 210 1913 quae
240 1839 271 1897 in
304 1839 349 1897 eis
372 1845 434 1913 est,
467 1839 655 1900 sollicitiores
680 1842 830 1916 cogitant,
862 1840 901 1900 ad
925 1841 1065 1902 meliores
1089 1848 1118 1903 et
1140 1845 1244 1906 melio-

133 1941 198 1985 rum
229 1924 394 2002 magistros
423 1924 622 1997 accedentes,
656 1926 727 2001 quia
755 1942 809 2001 per
831 1929 1099 2005 interrogationem
1121 1931 1244 2006 sapien-

132 2016 194 2072 tum
223 2010 413 2086 disciplinam
443 2017 617 2072 reverenter
640 2013 825 2087 accipientes
849 2028 882 2071 se
905 2014 988 2087 ipsos
1010 2017 1048 2075 ab
1071 2016 1243 2091 ignorantia

133 2103 163 2159 ct
187 2097 338 2175 imperitia
368 2101 398 2156 et
427 2112 531 2157 earnm
561 2098 720 2175 opprobrio
752 2098 888 2172 liberant.
948 2097 1009 2158 Vos
1041 2105 1141 2160 autem
1172 2103 1241 2176 quis

134 2183 225 2262 digne
248 2182 378 2244 laudarit
400 2181 524 2242 serino?
554 2189 607 2243 aut
630 2185 698 2258 quis
719 2182 890 2252 hominem,
914 2185 971 2243 etsi
994 2184 1167 2261 diligentiae
1185 2203 1241 2248 ex-

133 2269 333 2344 perimentum
365 2269 534 2345 accipiens,
569 2278 691 2330 vestrae
714 2270 829 2329 virtutis
853 2271 1088 2345 magnitudinem
1112 2271 1241 2333 idoneus

135 2349 291 2417 inveniet?
339 2351 416 2429 Quia
439 2356 611 2430 probabiles
635 2357 734 2415 orium
759 2355 982 2415 rationabilium
1005 2362 1146 2432 pastores
1169 2357 1241 2419 dum

133 2443 214 2510 sitis,
253 2448 283 2501 et
317 2440 355 2501 ad
386 2457 552 2516 supernum
581 2441 660 2502 ovile
690 2443 815 2502 vocibus
845 2441 964 2501 fistulae
993 2442 1157 2516 spiritualis
1187 2459 1241 2503 eas

133 2528 244 2588 ducere
274 2533 305 2587 et
332 2526 525 2587 introducere
553 2529 667 2602 nostis,
699 2527 905 2604 singularem,
940 2528 1040 2588 multis
1071 2529 1242 2605 impossibi-

132 2613 207 2688 lem,
232 2613 380 2689 mysticae
397 2612 568 2672 divinorum
587 2613 732 2675 scientiae
752 2613 961 2674 habitudinem
979 2616 1240 2691 praeoccupastis,

133 2716 187 2776 per
214 2715 306 2774 quam
329 2697 436 2760 Christi
465 2699 613 2760 ecclesiae
637 2701 720 2775 digni
743 2698 908 2774 fidelesque
930 2700 1154 2777 gubernacula,
1186 2717 1242 2761 na·

132 2787 229 2845 visin
255 2783 393 2854 modum,
418 2784 606 2860 disciplinate
629 2785 771 2862 dirigitis,
797 2801 864 2844 cum
885 2801 977 2846 onere
995 2786 1080 2862 fidei,
1105 2787 1241 2848 divinae-

132 2887 191 2948 que
220 2871 462 2932 conversationis
493 2870 603 2931 decore
626 2871 663 2930 ad
687 2878 805 2946 portum
830 2870 951 2932 divinae
975 2873 1154 2948 voluntatis,
1188 2889 1242 2948 per

132 2974 215 3019 mare
238 2956 334 3018 seculi
355 2957 573 3017 tentationibus
596 2956 744 3017 illaesum.
796 2955 840 3017 De
864 2955 912 3016 his
936 2964 1054 3033 autem,
1085 2975 1163 3033 quae
1187 2975 1241 3018 ro·

133 3045 178 3104 bis
200 3043 324 3121 cognita
346 3049 433 3117 sunt,
468 3059 599 3118 quorum
622 3044 713 3103 etiam
738 3043 901 3119 magistros
924 3061 981 3104 vos
1003 3045 1159 3104 constituit
1182 3042 1241 3104 Do-

132 3130 250 3203 minus,
275 3145 335 3188 non
360 3126 460 3188 solum
483 3130 701 3205 sapientiores,
734 3130 760 3187 si
783 3130 849 3203 quis
872 3125 1028 3189 ¹vestrum
1052 3136 1100 3189 est
1117 3130 1241 3190 omuino

132 3214 301 3278 mundum
332 3215 489 3275 scientiam
521 3215 674 3291 superior,
709 3213 763 3274 sed
787 3220 817 3275 et
839 3214 922 3274 nullo
945 3214 1069 3292 dignos,
1104 3219 1134 3275 et
1155 3216 1241 3291 pent-

132 3311 181 3365 ius
220 3301 320 3362 omnis
356 3302 510 3378 imperitos
541 3300 712 3371 doctrinae,
747 3299 807 3359 fide
837 3300 1009 3363 inveniendi
1038 3301 1109 3376 quid
1140 3299 1240 3360 nobile

132 3391 223 3450 etiam
256 3386 337 3462 apud
365 3383 577 3460 ²immundos,
610 3388 688 3448 sicut
710 3385 788 3446 soliti
812 3387 903 3457 estis,
932 3386 1090 3464 indignum
1113 3387 1241 3446 interro-

132 3491 204 3552 gare
236 3490 298 3533 non
327 3472 445 3534 ducitis.
502 3475 546 3532 Ac
568 3489 622 3549 per
644 3471 703 3532 hoc
726 3473 880 3547 accipiens
903 3477 936 3531 et
956 3489 1012 3549 ego
1035 3470 1240 3533 venerabilem

132 3567 265 3621 vestram
299 3559 477 3636 epistolam,
518 3560 652 3619 scribere
689 3557 775 3617 vobis
804 3559 958 3618 iubentem
987 3557 1026 3618 de
1056 3571 1241 3632 unoquoque

130 3647 291 3708 dubiorum
321 3644 438 3706 ivonis·
458 3644 659 3722 capitulorum
681 3644 710 3703 in
735 3641 840 3704 Sancti
862 3642 997 3721 theologi
1019 3642 1154 3720 Gregorii
1177 3657 1241 3702 ser-

134 3733 290 3802 monibus,
320 3731 359 3791 de
388 3732 497 3806 quibus
528 3730 660 3791 studium
691 3729 858 3802 habebam,
889 3729 1013 3804 quando
1035 3745 1103 3789 cum
1129 3743 1242 3788 conve·

132 3819 405 3888 cientibus-erum,
434 3818 581 3878 redditum
604 3822 676 3876 tunc
696 3815 844 3877 rationem
863 3815 1032 3892 scripturae
1050 3813 1239 3877 commendo.
1304 3815 1312 3822 ”

133 4000 328 4071 'hiuoerdyerr
346 4003 387 4053 ed
408 4002 462 4053 Gal
534 4002 559 4054 3
579 4002 673 4054 Scotus
692 4000 759 4050 male
778 4001 842 4065 legit
861 3999 932 4050 otor.
964 3998 1061 4116 falc)
1131 3995 1189 4063 4.ιὶ
1173 3995 1243 4068 ἡμῖν

134 4074 175 4127 cd.
195 4073 251 4126 Gal
314 4073 340 4124 5.
365 4066 501 4156 θεολόγον
518 4073 671 4140 Γρηγορίου
693 4070 735 4123 ed
756 4069 811 4122 Gal.
877 4069 902 4121 b.
928 4082 963 4118 κα
993 4083 1023 4118 το
1042 4063 1178 4137 παμφαὲς
1195 4065 1242 4119 καὶ

133 4137 241 4207 iapida
258 4138 306 4206 τῆς
323 4155 375 4191 κατ
374 4133 489 4204 ἀὐτὴν
505 4137 727 4208 χριστοπρεποῠς
744 4133 827 4205 ὑμῶν
845 4139 983 4204 πτωχείας
1002 4137 1042 4190 ed.
1062 4138 1118 4190 Gal.

172 4224 540 4361 ⁶¹1.{'(e}rtlcr)aobis.(dale.)
582 4230 607 4282 2.
622 4227 704 4280 Credo
717 4227 816 4290 legerat
828 4217 975 4288 ασέμνους
996 4223 1094 4289 (Gale)
1134 4224 1241 4346 binago

135 4312 169 4349 no
202 4311 226 4349 r.
282 4311 321 4348 ae
