2752 4778
1165 216 1236 295 198

120 394 217 459 erint
247 399 382 500 protervi
411 406 442 460 et
470 399 659 481 immoderati
689 400 863 478 nulliusque
884 401 965 463 modi
988 404 1092 479 gnari,
1127 403 1238 464 nullius

120 482 249 573 pridem
273 486 333 556 rei,
362 485 450 546 sed
442 488 579 562 inprimis
602 484 777 563 disputandi
800 488 838 548 de
860 489 918 549 deo
940 487 1037 565 modi,
1064 505 1166 551 verum
1184 505 1239 550 au·

120 556 230 633 uuor
253 576 365 632 cuncta
385 571 591 648 discrepantia
612 575 690 634 inter
712 591 746 634 se
763 579 877 636 temere
898 576 1130 636 commiscentes
1148 582 1240 650 etque

120 656 351 738 mniundentes
380 659 521 721 instruat.
578 659 695 721 Etenim
719 663 746 720 si
767 666 889 737 praeter
911 666 1050 721 naturam
1073 666 1121 722 est
1143 663 1240 739 legiti-

120 728 273 819 itumque
300 752 400 804 rerum
433 745 568 806 ordinem
600 745 694 806 llos
688 763 717 804 m
745 745 846 808 hieme
868 754 1040 823 spectatus,
1074 764 1111 808 ac
1133 748 1240 808 mulie·

120 828 211 891 ibus
242 836 370 895 ornatus
402 830 494 891 virilis
522 832 646 893 indutus
675 837 729 893 aut
757 835 829 894 viris
853 834 1029 906 muliebris,
1056 840 1087 894 et
1108 837 1240 894 maerori

120 918 230 991 [ptum
259 917 458 993 geometriam
488 917 588 978 dicere
616 918 677 998 (ille
706 921 787 979 enim
815 925 937 996 tempus
968 925 1061 979 novat
1089 935 1239 995 suamque

120 1003 309 1063 minonem
340 1008 380 1063 et·
400 1003 536 1064 ordinem
564 1004 719 1079 destituit,
749 1005 826 1067 alter
854 1022 927 1066 vero
957 1007 1084 1066 invicem
1113 1008 1143 1066 in
1175 1007 1240 1065 viro

120 1092 157 1149 ἡ
177 1088 305 1149 muliere
327 1104 481 1165 apparens
505 1096 645 1151 naturam
668 1091 820 1154 adulterat
848 1097 878 1152 et
908 1093 1030 1152 modum
1062 1101 1100 1152 ex
1129 1099 1239 1153 natura

120 1172 172 1235 ⁵10
200 1177 435 1236 convenientem
465 1192 502 1237 ac
530 1178 684 1253 proprium
707 1179 798 1253 tollit,
830 1178 1012 1238 tertiarium
1036 1181 1239 1253 quaecoexi-

120 1264 209 1323 mere
228 1267 404 1336 nequeunt,
435 1263 581 1338 gandium
603 1265 727 1338 inquam
751 1270 781 1325 et
803 1280 987 1339 maerorem,
1019 1266 1047 1322 in
1071 1280 1167 1325 unum
1187 1281 1238 1324 co·

120 1358 202 1419 gere
228 1352 370 1423 temptat,
399 1350 538 1423 inquinat
567 1365 603 1408 eu
633 1366 758 1426 prorsus
788 1357 818 1411 et
839 1348 989 1432 perimit),
1019 1367 1120 1409 nonne
1143 1350 1238 1411 multo

120 1430 228 1501 nouus
256 1450 359 1495 sermo
381 1435 421 1494 de
442 1436 501 1495 deo
522 1439 637 1496 temere
659 1442 690 1497 et
712 1452 731 1495 a
751 1437 886 1511 quolibet
907 1437 995 1497 lasus
1021 1443 1051 1496 et
1073 1453 1133 1511 quo
1154 1437 1238 1497 haud
1267 1454 1271 1461 ·

120 1512 216 1581 docet
242 1524 378 1596 tempore
407 1526 437 1581 et
459 1522 527 1582 loco
549 1523 675 1597 insuper
696 1523 848 1598 prolatus,
883 1523 1021 1583 informis
1044 1530 1074 1582 et
1095 1525 1239 1584 inconve-

120 1606 217 1667 niens
237 1607 310 1677 erit,
340 1612 369 1666 et
391 1622 586 1682 nequaqnam
608 1608 721 1686 dignus
742 1611 791 1683 qui
815 1609 974 1685 audiatur,
1006 1626 1092 1679 cunr,
1122 1615 1158 1670 ιιι
1181 1627 1238 1688 ego

120 1693 241 1769 mulio,
273 1697 359 1752 tanto
388 1695 489 1769 potius
520 1710 649 1754 necesse
678 1696 718 1754 sit
746 1696 890 1756 idoneum
920 1696 959 1755 de
988 1695 1046 1755 deo
1069 1695 1240 1756 disserendi

120 1792 248 1855 empus
269 1778 407 1857 deligant
429 1780 611 1855 prudentes,
643 1786 758 1856 quanto
779 1783 810 1839 in
833 1784 925 1841 rebus
948 1783 1039 1858 plane
1062 1782 1240 1859 discrepan-

120 1862 206 1927 dbus
228 1864 406 1940 nullumque
429 1868 640 1927 commercium
664 1869 742 1928 inter
766 1884 799 1927 se
821 1868 1020 1938 habentibus,
1055 1884 1132 1942 quas
1156 1886 1238 1929 com-

120 1953 307 2013 memoravit
325 1955 486 2030 magister,
511 1955 709 2030 geometriam
730 1970 749 2014 a
767 1970 907 2014 maerore
926 1954 1076 2014 dissidere
1094 1957 1143 2014 ait.
1184 1954 1238 2014 Hic

120 2044 228 2101 autem
259 2039 358 2117 magis
389 2039 558 2110 haesitare,
591 2041 634 2100 nti
664 2040 798 2114 videtur,
831 2057 888 2100 vos
917 2040 988 2101 iecit
1017 2039 1101 2099 hisce
1124 2041 1239 2100 modis:

120 2124 189 2209 rol,
221 2125 302 2200 quod
334 2126 383 2200 qui
407 2125 527 2185 militari
550 2142 644 2186 manu
666 2127 821 2204 regionem
844 2127 978 2201 aliquam
1002 2134 1239 2201 occupaverunt,

120 2212 313 2285 geometriae
340 2227 399 2287 ope
427 2211 622 2287 dispertiunt,
657 2229 726 2272 cum
752 2214 840 2289 regni
865 2214 935 2289 lege
967 2214 1104 2272 obtinere
1134 2213 1239 2272 volue-

120 2298 201 2372 rint,
232 2298 346 2358 summi
367 2297 470 2375 gaudii
492 2315 565 2359 vero
588 2300 745 2375 negotium
768 2315 853 2372 esse,
882 2298 964 2358 c'erte
986 2299 1089 2376 gandii
1118 2300 1162 2358 eis
1185 2301 1237 2374 qui

120 2383 195 2447 nola
223 2385 399 2461 praesentia
428 2391 595 2460 sequantur
623 2387 719 2459 bona,
751 2391 780 2444 et
803 2386 977 2461 superiores
1000 2386 1078 2458 fieri,
1109 2389 1139 2444 et
1161 2384 1237 2446 diri-

120 2468 184 2533 uas
214 2471 337 2546 spissas
366 2487 559 2547 comparare,
588 2488 656 2531 cum
687 2473 796 2547 quibus
826 2470 992 2531 commodis
1015 2470 1237 2547 qualiscunque

120 2568 249 2619 maeror
277 2558 401 2619 iunctus
432 2573 503 2618 esse
531 2573 592 2616 non
622 2560 735 2633 possit:
774 2559 839 2636 vel,
880 2574 948 2618 cnm
977 2558 1027 2632 qni
1055 2559 1084 2616 in
1116 2557 1175 2618 hac
1204 2573 1237 2616 re

120 2642 214 2715 perra
235 2648 308 2703 sunt
330 2642 526 2721 syllogismos
551 2646 670 2719 proprie
693 2646 848 2705 coactivas
870 2646 959 2704 tribui
983 2645 1170 2721 geometriae
1192 2643 1239 2702 di-

120 2732 213 2800 eunt,
241 2729 345 2790 fatuus
373 2730 495 2790 merito·
511 2729 676 2805 videbitur,
711 2738 741 2790 et
764 2731 837 2804 quid
858 2729 967 2790 deceat
988 2747 1097 2806 parum
1120 2730 1237 2792 intelle-

120 2826 220 2891 gens,
259 2816 310 2890 qui
342 2815 380 2874 ad
409 2816 509 2890 ipsum
539 2823 725 2877 maerentem
755 2816 905 2893 applicato
934 2816 1112 2894 syllogismo
1134 2818 1238 2893 inepte

120 2910 196 2974 enm
224 2915 363 2961 maerere
390 2903 519 2977 probare
549 2908 679 2964 conatus
707 2903 810 2964 luerit:
844 2902 893 2962 vel
919 2901 1053 2963 fortasse
1084 2904 1175 2964 etiam
1199 2904 1237 2964 ab

120 2984 193 3067 lpao
215 3001 371 3062 maerore,
392 2988 424 3047 id
447 2996 496 3049 est
516 3004 536 3049 a
557 2994 669 3049 natura
692 2989 774 3064 eius,
798 2989 962 3050 abhorrere
984 2989 1094 3062 aliquis
1117 2989 1237 3063 dixerit,

120 3086 184 3149 nee
211 3075 438 3135 convenirent
467 3075 518 3150 qul
548 3081 663 3136 maeret
691 3076 886 3153 syllogismos
917 3074 1040 3152 colligat
1069 3090 1105 3134 ac
1126 3077 1238 3150 proba·

120 3154 237 3221 bilibus
266 3161 434 3222 rationibus
463 3162 520 3221 sibl
546 3162 731 3236 persuadere
759 3167 886 3238 temptet
913 3176 1020 3220 casum
1051 3162 1102 3234 qui
1129 3177 1237 3222 revera

120 3246 270 3313 eminent
292 3247 349 3307 sibi
371 3262 432 3306 uon
451 3248 610 3309 accidisse.
657 3248 815 3322 Quomodo
834 3249 915 3309 enim
933 3262 1052 3306 maeror
1071 3262 1107 3304 ex
1127 3261 1163 3305 eo
1182 3263 1238 3306 ex-

120 3332 249 3407 pellitur
266 3334 319 3409 qui
337 3334 410 3393 dum
430 3339 546 3396 maeret
563 3336 760 3395 ratiocinatur
778 3339 815 3394 et
825 3333 1013 3412 syllogismis
1032 3347 1155 3407 operam
1174 3332 1236 3406 dat,

120 3414 166 3481 lta
184 3420 277 3481 etiam
297 3435 416 3480 moeror
434 3437 553 3481 maeror
573 3438 644 3482 esse
663 3421 789 3492 desinit,
813 3438 882 3481 cum
907 3418 944 3478 ad
968 3419 1179 3496 syllogismum
1203 3434 1237 3478 se

120 3505 281 3577 hausteri-
333 3504 408 3567 Nam
433 3509 459 3567 si
524 3508 640 3568 iseum
664 3508 766 3567 amisit
787 3509 817 3567 in
841 3521 901 3581 quo
924 3522 1008 3582 spem
1031 3506 1237 3565 successionis

120 3592 346 3666 collocaverat,
370 3523 525 3670 super&
548 3595 605 3654 sibi
627 3600 657 3655 et
677 3610 759 3653 vana
782 3593 860 3652 haec
882 3597 1002 3652 terrena
1021 3592 1122 3650 omnia
1144 3591 1238 3652 babe-

120 3674 177 3739 bn
232 3677 270 3739 lit
296 3677 356 3739 hoo
383 3678 517 3741 tortasse
546 3680 636 3740 modo
658 3679 741 3741 baud
764 3679 929 3741 abhorrere
951 3695 969 3738 a
991 3679 1107 3738 ratione
1129 3677 1238 3752 aliquis

120 3762 239 3825 dixerit
266 3780 305 3825 ea
335 3778 413 3840 quae
444 3767 636 3842 contemplati
665 3781 788 3838 sumus,
817 3767 843 3825 si
866 3765 1037 3825 meminerit
1059 3780 1121 3824 non
1144 3778 1239 3840 posse

120 3848 191 3913 und
223 3852 402 3929 contingere
435 3852 581 3930 gaudium
610 3857 640 3912 et
668 3868 854 3952 maerorem,
892 3868 961 3911 cum
989 3852 1148 3925 utriusque
1176 3848 1239 3908 elti-

120 3938 220 4001 olens
236 3952 334 3999 causa
355 3953 416 3997 non
439 3955 479 3999 ex
497 3938 613 3999 eisdem
636 3938 790 4014 principiis
813 3937 949 4013 proiecta
973 3938 1019 3999 sit.
1079 3938 1172 3999 Cuius
1195 3937 1238 3996 rei

120 4034 261 4101 sponsor
289 4029 320 4085 et
348 4024 437 4084 testis
467 4025 558 4084 nobis
582 4030 629 4085 est
651 4030 779 4085 sauctus
802 4027 832 4082 et
853 4022 956 4083 diviua
980 4024 1104 4099 sapiens
1127 4021 1241 4100 Diony·

120 4110 194 4173 elus
223 4110 428 4188 Areopagita‚
463 4111 513 4185 qui
543 4111 581 4170 de
611 4111 750 4188 angelica
781 4108 984 4205 descriptione
1012 4110 1055 4168 ita
1084 4110 1239 4170 edisserit:

120 4194 339 4273 ,Geometn‘ca
361 4200 464 4257 autem
486 4201 578 4271 atque
600 4196 720 4257 fabrilia
742 4184 944 4255 instrnm'enta
965 4193 1113 4256 fundandi
1135 4202 1165 4257 et
1188 4211 1240 4256 ae·

120 4281 273 4355 didcandi
301 4281 541 4357 absolvendique
568 4283 761 4355 facultatem,
794 4288 825 4341 et
853 4295 1054 4356 quaecunque
1083 4280 1143 4342 alia
1166 4283 1241 4341 sub·

120 4368 274 4441 ductricis
301 4373 334 4429 et
361 4366 544 4431 deductricls
574 4375 647 4430 sunt
673 4369 848 4431 interiorum
878 4367 1107 4515 providelnatiaed
1154 4366 1239 4439 Quae
