2752 4778
1084 167 1133 244 ld

26 359 181 426 metuunt
201 356 332 432 <qudem
362 373 416 434 per
437 361 597 432 naturam,
630 373 691 420 non
715 372 788 419 varo
811 354 985 418 absolutum
1004 370 1059 431 per
1080 370 1135 433 ge-

28 442 227 505 mationem.
278 442 345 505 Nou
373 446 455 505 enim
484 446 658 520 simpliciter
686 443 794 504 dicitur
820 458 932 520 corpus
954 448 1026 517 post
1046 456 1135 516 sepa-

28 529 178 591 monem
199 529 240 589 ab
262 531 367 591 anima
388 545 514 608 corpus,
545 530 601 592 sed
623 530 755 590 bominis
776 546 904 614 corpus,
927 532 958 588 et
974 527 1135 589 cuiusdam
1257 579 1261 586 .

29 610 161 681 bominis
184 631 314 693 corpus,
348 617 406 677 etsi
427 622 637 692 corrumpatur
659 621 690 677 et
711 618 741 677 iu
765 632 802 677 ea
824 633 863 676 ex
886 616 996 690 quibus
1019 618 1067 674 est
1087 628 1136 673 re·

31 698 104 763 toiri
136 700 290 771 elementa
319 709 520 779 consuescat;
553 702 646 763 habet
667 705 746 763 enim
770 705 801 763 et
822 704 866 762 sic
888 701 978 776 quasi
999 697 1136 776 speciem

31 791 121 851 utem
158 803 250 849 suern
285 790 456 850 secundum
491 789 643 864 habitum,
685 789 776 849 vetuti
809 789 902 863 partis
931 785 1137 863 praedicatam

31 870 206 937 humanam.
258 872 291 934 ln
320 877 471 937 ambobus
499 877 602 950 itaque
629 874 767 952 babitus,
803 875 906 934 anima
927 873 995 933 dico
1016 878 1048 933 et
1069 886 1137 932 cor-

33 974 119 1036 pere,
155 960 251 1021 veluti
282 961 374 1022 totius
407 961 523 1023 iormae
551 962 706 1021 humanae
739 965 867 1035 partes,
895 957 1138 1034 inseparabiliter

30 1044 219 1122 intellectus,
243 1047 435 1108 demonsiret
455 1055 487 1109 et
509 1048 599 1108 simul
621 1063 727 1108 eorum
749 1047 896 1125 genesin,
919 1051 949 1106 et
968 1044 1138 1105 secundum

33 1133 196 1197 mendam
225 1133 265 1193 ad
287 1150 323 1194 se
344 1135 473 1196 invicem
495 1133 692 1195 differentiam
715 1133 847 1194 ostendit
868 1131 952 1191 nullo
974 1130 1065 1190 modo
1088 1144 1138 1189 se-

34 1217 163 1281 modom
193 1221 359 1280 essentiam
386 1222 416 1281 in
447 1222 492 1280 eis
519 1221 629 1281 insitas
660 1219 818 1281 offendens
847 1220 992 1278 rationes.
1043 1214 1138 1293 igitur

34 1305 152 1371 omnino
187 1304 374 1380 impossibile
408 1322 519 1383 corpus
548 1312 601 1367 aut
629 1308 764 1366 animam
790 1305 926 1365 invenire
955 1307 1010 1364 aut
1038 1301 1139 1361 dicere

36 1390 95 1453 rire
115 1389 240 1466 babitu;
267 1391 357 1454 simul
379 1393 460 1453 enirn
484 1409 552 1452 cnm
576 1391 672 1453 altero
695 1391 893 1452 introducitur
916 1390 1043 1450 alicuius
1066 1402 1138 1448 esse

37 1474 165 1537 numm.
189 1542 191 1546 μ
218 1475 322 1553 ltaque
350 1479 377 1538 sl
404 1479 532 1539 alterurn
562 1479 710 1538 subsistat
739 1485 810 1538 ante
832 1477 961 1537 alterum
984 1471 1138 1550 quomodo

38 1565 67 1623 ti
94 1562 225 1642 alicuius
258 1563 515 1625 auscultandum?
580 1563 708 1625 Habitus
742 1565 822 1624 enim
854 1561 1050 1623 immutabilis
1080 1565 1136 1619 esi.

40 1642 185 1709 beclem
208 1648 247 1709 de
268 1649 327 1710 his.
389 1649 471 1711 Etsi
494 1650 616 1726 quidem
639 1667 657 1710 a
679 1651 806 1710 veritate
829 1663 1014 1709 sermonen
1037 1661 1139 1707 reces-

41 1732 87 1810 ili,
114 1733 175 1796 dee
203 1738 319 1813 gratias
348 1751 404 1814 per
426 1743 546 1798 vestras
570 1737 724 1797 orationes
745 1736 786 1797 ad
808 1738 887 1797 bene
907 1732 1138 1811 intelligendum

42 1816 169 1887 trunti:
204 1823 231 1880 si
260 1839 333 1883 vero
361 1823 472 1884 abcubi
494 1839 513 1883 a
535 1824 664 1883 veritate
684 1822 800 1896 delicit,
830 1839 885 1881 vos
908 1821 1069 1882 reformate
1088 1834 1139 1880 ra·
1244 1896 1247 1902 Ι

44 1904 121 1969 ionis
140 1906 332 1986 diligentiam
355 1925 395 1969 ex
417 1910 475 1970 deo
497 1909 604 1969 talium
627 1909 765 1985 inspirati
787 1909 954 1969 scientiam.

45 2089 92 2170 lix
113 2097 245 2172 eudem
270 2121 457 2192 sermone,
492 2100 532 2173 in
556 2099 646 2191 hoo,
682 2095 783 2172 Dum
808 2099 921 2172 etiam
946 2122 968 2170 a
993 2119 1032 2170 se
1059 2096 1138 2195 ipsa

81 2202 352 2325 materiesUfert
377 2202 630 2279 inordinatum
653 2201 773 2276 veluti
799 2199 993 2276 influxum.
1066 2267 1072 2280 .

136 2353 275 2414 Arbitror
297 2370 416 2430 quoque
438 2361 632 2432 praesentem
657 2355 807 2417 sermonis
835 2354 1033 2415 intentionem
1058 2354 1139 2429 prio·

48 2437 78 2495 ris
102 2439 289 2501 intellectum
318 2439 432 2502 babere
461 2442 594 2518 capituli.
648 2441 724 2515 Quia
747 2443 826 2502 enirn
849 2440 1050 2517 praetermisit
1071 2439 1139 2516 plu-

10 2574 12 2583 .
47 2523 109 2585 rima
135 2531 243 2587 eontra
264 2529 410 2590 materiae
432 2535 584 2590 amatores
606 2533 638 2589 et
659 2530 810 2605 corporis,
844 2526 924 2588 baec
946 2525 1076 2601 addidit,
1107 2530 1140 2587 ut

47 2605 105 2687 bine
137 2617 268 2688 possent
303 2615 353 2689 pie
383 2614 581 2677 intentionem
610 2617 709 2676 sancti
735 2618 963 2691 perscrutantes
991 2613 1140 2673 coniicere

47 2695 89 2755 sic.
146 2697 299 2772 Quoniam
335 2701 623 2777 incorruptibilitatis
657 2705 687 2761 et
713 2701 946 2763 immortalitatis
975 2698 1141 2776 pulchritu-

47 2778 143 2846 diuea
166 2783 225 2844 deo
246 2785 428 2847 clarificatus
449 2787 550 2848 iactus
573 2793 621 2847 est
641 2787 748 2858 bomo,
776 2786 942 2847 materialis
964 2801 1037 2847 vero
1059 2786 1142 2847 circa

10 2882 14 2895 “
46 2882 73 2928 re
91 2875 220 2931 naturae
240 2873 456 2947 turpitudinem
478 2873 674 2935 intellectuali
693 2873 911 2949 pulchritudini
935 2888 1141 2950 praeponens,

45 2954 144 3018 tilitas
174 2963 222 3017 est
248 2956 380 3019 decorae
406 2959 576 3020 secundum
599 2961 734 3020 animam
757 2960 928 3038 dignitatis,
962 2960 1062 3036 magis
1085 2972 1141 3019 au-

45 3042 96 3106 lem
129 3044 181 3106 dei
215 3045 349 3106 animam
383 3044 566 3106 deiformiter
594 3047 770 3120 formantis,
808 3042 934 3107 ”omne
963 3045 1044 3121 quod
1071 3043 1142 3106 iecit

10 3104 187 3203 iaculantis
214 3130 357 3210 dignum,
392 3131 562 3192 secundum
590 3133 725 3192 moinum
752 3132 899 3194 iudicium
928 3137 1067 3192 nostram
1089 3146 1141 3192 sa-

10 3208 150 3291 fuerim
180 3216 373 3278 administrat
401 3217 549 3293 salutem,
591 3219 763 3296 colligitque
790 3219 920 3280 fructum
950 3234 1010 3279 non
1041 3217 1142 3279 soiurn

10 3348 17 3379 ,
42 3302 130 3379 ipsam
153 3304 291 3380 corporis
313 3305 536 3381 corruptionem
559 3309 589 3364 et
609 3311 738 3367 mortem
764 3310 795 3365 et
817 3306 858 3366 ad
880 3319 1002 3365 omnam
1021 3305 1142 3381 passio-

10 3390 103 3453 ?rem
130 3391 392 3467 promptissimum
420 3397 535 3451 motum
564 3395 594 3450 et
622 3392 892 3471 opportunitatem,
927 3391 982 3451 sed
1004 3397 1035 3452 et
1056 3395 1142 3452 extra

40 3477 173 3538 etcirca
201 3492 272 3537 eum
301 3476 469 3538 materialis
499 3477 654 3538 essentiae
676 3478 817 3540 instabile
846 3483 877 3538 et
906 3476 1082 3538 anomalum
1111 3481 1142 3537 et

10 3561 73 3647 ,td
94 3561 291 3625 Quendam
320 3563 422 3624 terens
452 3568 483 3624 et
512 3563 616 3637 facile,
655 3564 720 3624 sive
749 3570 823 3625 tunc
850 3565 968 3640 ipsam,
1003 3563 1142 3624 videlicet

10 3652 12 3661 '
39 3649 183 3724 emmam,
221 3647 281 3709 deo
308 3654 431 3725 propter
460 3650 751 3726 praevaricationem
779 3654 883 3711 nostro
912 3652 1031 3727 corpori
1058 3665 1141 3711 com-

10 3752 12 3761 ·
40 3736 199 3810 miscente,
234 3734 325 3795 etad
346 3733 544 3796 alienandum
566 3751 649 3811 earn,
686 3736 731 3796 sic
753 3751 878 3813 corpore
901 3735 940 3796 ad
962 3738 1142 3812 passionem

10 3820 317 3898 -etcorruptiouem
346 3825 376 3882 ci
405 3822 529 3882 omnino
559 3820 758 3897 solutionem,
799 3824 879 3883 sicut
910 3824 1084 3884 mortalium
1109 3822 1141 3882 in

39 3908 179 3981 peradiw
201 3907 325 3983 pellium
348 3907 484 3968 declarat
506 3908 652 3985 amictus,
674 3910 828 3969 inserente
848 3909 1033 3986 potentiam,
1055 3911 1143 3970 iuxta

39 3993 116 4070 qaod
144 3993 290 4069 scriptum
319 3998 384 4068 est,
423 3992 516 4071 ,Quia
538 3996 661 4071 etipsa
684 3999 824 4056 creatura
846 3995 986 4058 subiecta
1007 4000 1056 4057 est
1075 4010 1144 4057 cor·

12 4198 348 4256 mmmmm

41 4291 150 4413 *ἃ
166 4287 567 4424 συοτῶᾳὲοέἇκοῖἆιξιοςίο
591 4287 654 4340 Gale
677 4290 704 4338 iu
729 4287 833 4349 adnot,
860 4302 911 4339 noa
934 4287 1035 4354 faciti:
1070 4295 1142 4340 verte

308 4375 401 4413 u·
515 4393 523 4411 .
