2752 4778
1098 113 1170 190 311

59 299 123 376 Ex
145 299 479 394 111111111111111,
505 296 544 370 in
565 296 681 388 illud,
708 295 760 389 ,Si
776 296 903 372 Maria
914 301 1139 399 quaedam
1111 328 1171 396 111,

115 405 149 478 11
172 403 247 476 1111
268 399 401 492 Maria,
437 401 468 472 11
492 396 654 492 Salome,
691 426 722 474 11
710 398 892 494 loanna,
926 404 1171 481 diluculola·

115 506 249 582 1111111
271 503 462 624 profunde.
514 499 585 575 Fac
607 458 783 602 11111111
796 504 984 580 sublatum
996 507 1171 608 lapidem

114 609 264 708 angelos
296 607 407 681 etiam
435 607 603 699 fortasse,
639 616 749 754 atque
778 608 868 683 adeo
897 607 1059 685 Iesum
1050 637 1172 711 ipsum

114 713 266 791 videas}

172 834 271 892 Prima
294 831 389 892 111111
411 847 449 890 ex
472 848 534 907 qua
556 831 663 892 Sermo
686 837 754 908 sept
755 848 803 891 em
827 834 915 892 eiecit
939 834 1104 896 daemonia
1126 842 1174 896 111

56 921 164 980 omnis
194 920 294 979 activa
323 918 441 992 anima,
469 934 524 994 111
547 934 720 978 sermonem
743 918 989 995 evangelicorum
1013 922 1173 982 mandato·

56 1023 131 1068 rum
159 1023 178 1066 a
206 1005 453 1066 consternatione
483 1005 562 1064 circa
584 1004 643 1065 hoc
665 1021 775 1065 aevum
803 1011 943 1082 purgata.
1000 1006 1173 1069 Hebdoma-

55 1094 156 1154 ticum
192 1094 272 1152 enim
309 1091 369 1151 hoc
404 1094 451 1149 est
486 1106 611 1165 aevum,
651 1091 733 1167 quod
766 1092 909 1165 temporis
941 1093 971 1152 in
1007 1110 1041 1153 se
1070 1096 1171 1171 ipsum

57 1178 334 1240 circumvolutione
357 1183 601 1248 consummatur,
629 1193 648 1236 a
671 1193 730 1252 quo
749 1175 856 1236 Sermo
878 1179 1085 1257 suimetipsius
1108 1180 1172 1241 cul-

56 1270 149 1326 tores
178 1266 302 1337 liberat,
344 1279 439 1339 supra
476 1264 578 1323 omnia
613 1263 793 1340 temporalia
831 1279 887 1324 eos
922 1267 1044 1326 omnino
1079 1267 1172 1328 collo-

57 1368 150 1413 cans.
193 1351 298 1412 Altera
317 1367 388 1410 vero
404 1347 500 1409 Maria
522 1355 568 1410 est
591 1351 689 1409 omnis
713 1351 814 1410 anima
836 1352 1073 1428 contemplativa
1094 1369 1172 1430 quae

59 1442 170 1499 verae
184 1438 365 1516 cognitionis
389 1453 447 1512 ope
469 1435 682 1514 cognationem
706 1452 774 1496 cum
798 1432 945 1498 Sermone
966 1442 1172 1517 pergratiam

58 1526 123 1585 sibi
151 1525 311 1599 quaesivit.
362 1521 488 1583 Salome
517 1529 635 1624 autem,
667 1538 758 1598 quam
787 1522 1022 1601 interpretantur
1051 1526 1172 1597 Pacem,

58 1611 112 1672 vel
143 1609 368 1680 Plenissimam,
400 1615 448 1670 est
476 1611 574 1669 omnis
605 1610 708 1669 anima
737 1611 932 1710 passionibus
962 1613 1087 1673 abiectis
1117 1630 1172 1689 pa·
1186 1681 1192 1694 ,

58 1703 150 1772 cata,
179 1704 210 1760 11
240 1697 441 1772 practicarum
470 1687 614 1756 virtutum
644 1697 731 1772 copia
760 1697 861 1757 carnis
891 1700 1026 1775 cogitata
1048 1700 1171 1777 spiritus

56 1785 125 1862 legi
153 1785 324 1858 subiciens,
361 1798 415 1858 per
437 1781 640 1857 expletionem
663 1798 735 1841 vero
758 1782 1061 1859 contemplativarum
1085 1787 1173 1862 spiri·

56 1869 190 1931 tualium
223 1871 439 1948 cogitationum
475 1884 577 1928 rerum
612 1884 689 1943 quac
720 1869 857 1929 existunt
883 1872 1086 1949 cognitionem
1116 1888 1171 1948 pro

58 1955 140 2016 virili
169 1957 323 2032 sapienter
353 1953 742 2031 comprehendensparte.
799 1954 914 2015 loanna
941 1965 1058 2033 autem,
1090 1973 1171 2033 quae

59 2042 233 2120 explicatur
255 2043 414 2117 columba,
446 2041 560 2101 animal
587 2042 673 2112 mite,
701 2040 769 2101 bilis
798 2058 908 2117 expers
938 2049 968 2103 et
994 2039 1169 2120 fecundum,

60 2131 163 2190 omnis
195 2129 298 2189 anima
331 2133 379 2188 est
414 2143 493 2203 quae
528 2144 583 2203 per
614 2127 878 2188 mansuetudinem
916 2131 1000 2190 exuit
1031 2128 1168 2206 allectus,

59 2221 157 2292 atque
191 2217 314 2291 spiritus
348 2215 380 2272 in
414 2214 587 2292 cognitione
622 2214 837 2276 secunditatem
872 2215 1039 2278 ferventem
1067 2217 1171 2282 habet.

60 2301 131 2363 Hae
157 2307 259 2363 autem
289 2315 379 2361 mane
407 2300 498 2379 11111,
530 2300 589 2360 boc
618 2305 665 2360 est
692 2301 836 2361 lacrimas
868 2305 1024 2380 gnosticas
1047 2305 1172 2380 prolun-

59 2388 159 2463 dunt,
188 2388 260 2449 dum
283 2386 460 2447 Sermonem
491 2394 641 2461 quaerunt
669 2388 767 2447 omnis
795 2389 913 2449 virtutis
937 2395 967 2450 11
988 2392 1170 2469 cognitionis

61 2491 218 2538 summum
240 2474 416 2551 principem.
471 2471 509 2532 Et
531 2474 646 2549 primae
669 2474 772 2534 vident
791 2473 922 2550 lapidem
945 2476 983 2537 de
1004 2478 1099 2539 ianua
1121 2495 1171 2540 se-

59 2559 184 2639 pulchri
211 2559 377 2628 sublatum,
412 2558 471 2619 boc
499 2564 546 2620 est
576 2561 772 2621 obscuritatis
796 2559 950 2623 Sermonis
981 2579 1060 2639 quae
1088 2563 1172 2625 cordi

60 2650 188 2710 incubat
208 2647 445 2721 indurationem
479 2645 588 2706 deinde
612 2646 757 2724 angelos,
790 2647 920 2710 hocest
941 2652 1097 2712 naturales
1120 2667 1191 2713 re··

59 2751 132 2797 rum
155 2750 234 2810 quae
256 2734 393 2794 existunt
414 2733 445 2791 11
465 2732 572 2808 spiritu
593 2734 747 2808 rationes,
777 2732 957 2812 Sermonem
981 2753 1080 2800 rerum
1103 2739 1172 2799 unl-

60 2837 222 2884 versarum
245 2836 372 2892 causam
393 2820 484 2879 tacite
505 2819 726 2895 praedicantes.

60 2957 152 3034 Alia
174 2957 214 3031 in
240 2956 388 3058 angelos
411 2953 681 3054 contemplatio.

170 3073 224 3136 Vel
253 3089 362 3134 sacrae
393 3074 560 3149 scripturae
589 3087 747 3133 sermones
775 3073 826 3148 qui
855 3075 1035 3149 apertiorem
1063 3077 1108 3136 eis
1131 3076 1169 3136 de

60 3162 183 3222 christo
211 3165 244 3220 11
273 3159 330 3220 deo
360 3163 390 3219 et
416 3159 556 3234 homine,
589 3158 619 3217 id
648 3164 696 3220 est
717 3158 755 3218 de
778 3158 932 3237 theologia
954 3167 1046 3234 atque
1068 3162 1171 3223 (111111

60 3247 282 3309 incarnationis
312 3244 439 3306 consilio
471 3247 596 3321 praebet
621 3245 911 3322 interpretationem.
963 3246 1060 3308 Unum
1090 3249 1170 3309 enim

61 3340 169 3396 narrat
196 3335 345 3409 scriptura
374 3348 428 3392 eas
451 3332 565 3392 vidisse
588 3329 679 3407 capiti
702 3332 892 3407 adstantem,
926 3338 957 3392 11
978 3333 1107 3395 alterum
1130 3334 1170 3396 ad

60 3421 169 3499 pedes.
220 3419 339 3480 Etenim
369 3420 421 3493 qui
449 3419 538 3495 capiti
568 3418 691 3478 adstare
712 3419 885 3495 theologiae
908 3435 1079 3482 sermonem
1101 3437 1170 3496 pro-

61 3514 131 3585 pter
153 3506 261 3567 Christi
292 3507 449 3580 deitatem,
485 3505 613 3580 pedibus
642 3503 764 3564 adstare
786 3505 1025 3581 dispensationis
1046 3512 1171 3584 propter

60 3594 318 3664 incarnationem,
354 3595 384 3650 et
413 3592 464 3666 qui
486 3591 596 3650 Christi
625 3589 747 3664 quidem
770 3595 862 3667 caput
884 3591 1070 3655 divinitatem
1093 3594 1170 3663 eius,

60 3680 159 3758 pedes
181 3678 402 3740 humanitatem
426 3678 493 3738 eius
516 3677 639 3748 dixerit,
668 3677 695 3736 is
718 3691 737 3736 a
758 3693 831 3737 vcro
852 3694 914 3738 non
937 3680 1098 3741 aberrabit.

62 3827 150 3903 Alia
170 3826 209 3902 ln
231 3826 379 3902 eosdem
401 3826 670 3925 contemplatio.

170 3943 226 4004 Vel
254 3944 386 4005 tortasse
415 3946 496 4005 circa
524 3945 645 4018 pietatis
676 3961 848 4006 sermonem
871 3948 1020 4006 motiones
1044 3950 1074 4006 in
1098 3964 1170 4009 cou-

62 4031 192 4091 scientia
210 4031 339 4108 angelos
358 4048 444 4102 esse,
466 4035 589 4106 propter
610 4030 774 4107 perlectam
797 4033 950 4105 nequitiae
973 4039 1003 4092 11
1023 4035 1171 4111 ignoran-

62 4119 123 4178 tiae
156 4117 393 4194 depositionem,
427 4116 671 4178 intellectualiter
703 4117 747 4178 eis
776 4117 988 4194 praedicantes
1018 4123 1169 4182 sermonis

134 4290 156 4344 l.
177 4289 363 4357 npographnm
381 4291 443 4342 τῶν.
