2752 4778
1177 185 1249 262 tel

139 369 277 442 metipse
304 365 410 427 nullibi
439 367 663 427 secernendum
683 367 809 440 eiiciat,
845 381 924 440 quae
947 367 1081 429 localiter
1103 370 1194 445 plane
1217 374 1255 433 ab

138 451 193 515 ilio
215 466 278 514 non
300 451 411 527 distet,
446 453 497 527 qui
519 453 627 528 spiritu
648 452 726 513 levis
748 451 846 513 iactus
870 457 917 512 est
939 453 1084 529 nullaque
1107 457 1255 533 corporali

139 540 295 617 gravitete
315 537 363 600 'ed
390 542 505 599 terram
533 539 713 613 detrahitur,
748 544 802 599 eut
831 540 869 598 ab
893 542 1076 602 ascensione
1097 544 1129 601 iu
1151 544 1255 605 coelos

140 624 320 702 prohibetur
335 624 387 699 ,ob
416 624 583 701 perlectam
612 626 651 685 ad
680 625 758 685 haec
787 626 897 685 mentis
927 628 1067 703 gnaviter
1097 627 1136 688 ad
1165 630 1256 689 deum

142 712 338 789 pmperamis
369 710 622 786 invisibilitatem,
661 718 691 772 et
720 713 907 775 extensionis
940 712 981 772 ad
1010 729 1080 773 eum
1112 714 1255 791 deinceps
1332 726 1335 731 '

142 798 300 875 smtenter
327 798 384 857 iter
410 797 596 860 instituentis
625 799 668 858 ita
688 804 738 871 ut,
769 796 1026 875 quemadmodum
1050 801 1080 857 in
1104 804 1257 863 communi

142 885 211 959 vin,
241 883 423 945 naturaiiter
450 884 489 943 de
518 900 556 945 eo
584 883 667 961 quod
696 891 767 967 ante
796 889 845 945 est
874 884 913 943 ad
941 884 970 943 id
1001 886 1083 959 quod
1112 894 1182 961 post
1209 895 1257 949 est

142 969 305 1048 procedat:
335 968 448 1029 deinde
465 970 675 1051 intellegibilia
694 975 724 1030 et
742 970 898 1031 sensibilia
917 970 955 1029 ad
974 969 1054 1031 haec
1076 973 1256 1035 coadunans

143 1072 198 1133 uer
230 1055 458 1117 similtiudinem
490 1055 530 1116 de
563 1058 737 1135 cognitione
771 1073 841 1117 cum
873 1055 991 1132 angelis
1024 1074 1117 1118 unam
1147 1059 1257 1121 efficiet

143 1148 240 1211 lolem
269 1140 490 1217 conditionem,
521 1157 613 1217 quam
642 1142 851 1203 indistinctam
874 1143 931 1201 sibi
953 1143 1066 1202 habeat
1088 1145 1256 1206 secundum

142 1230 352 1309 coguitionem
380 1234 411 1289 et
439 1230 660 1306 ignorantiam,
691 1245 760 1289 cum
788 1230 855 1305 pari
878 1245 949 1288 cum
971 1228 1090 1305 angelis
1113 1236 1144 1289 et
1166 1231 1257 1307 plene

142 1317 281 1383 imbutus
303 1316 344 1375 stt
364 1330 571 1390 rerumquae
593 1321 667 1377 sunt
689 1317 841 1376 rationum
865 1316 1003 1391 gnostica
1020 1315 1172 1387 doctrina,
1196 1332 1258 1392 qua

142 1418 238 1471 verae
259 1401 428 1478 sapientiae
450 1401 623 1478 largissima
646 1399 754 1461 effusio
777 1402 957 1475 subsecuta,
992 1407 1025 1481 ut
1046 1418 1100 1477 per
1123 1408 1187 1477 est,
1219 1404 1257 1464 de

143 1488 262 1567 reliquo
293 1488 413 1548 sincere
440 1478 485 1547 e'is'
516 1489 566 1562 qui
593 1487 677 1566 digni
699 1490 771 1548 sunt
794 1493 823 1546 et
844 1486 1018 1547 immediate
1040 1488 1090 1547 dei
1111 1491 1257 1564 praebeat
1318 1480 1324 1491 ’

142 1576 301 1639 notionem
334 1573 373 1633 ad
406 1573 652 1649 pernoscendum
685 1572 836 1634 difficilem
871 1578 963 1648 atque
996 1573 1195 1637 ineffabilem:
1228 1584 1258 1636 et

140 1662 280 1737 denique
308 1659 349 1721 ad
377 1658 457 1721 haec
484 1661 600 1735 omnia,
634 1659 786 1720 conditam
810 1674 931 1735 quoque
955 1666 1097 1721 naturam
1119 1680 1189 1723 curn
1211 1665 1259 1723 in-

141 1748 270 1811 condita
296 1760 351 1822 per
378 1746 534 1809 ceritatem
565 1746 745 1806 coadunans
777 1750 807 1822 (o
830 1762 894 1805 rem
917 1763 1027 1807 novam
1052 1754 1081 1808 et
1105 1751 1258 1811 admiran-

141 1834 218 1899 dem
248 1831 371 1893 &vinae
398 1833 483 1893 'circe
512 1848 569 1893 uos
601 1830 810 1914 clementiaei)
850 1849 944 1893 unum
975 1839 1065 1908 atque
1094 1835 1174 1896 idem
1204 1852 1258 1911 per

137 1920 265 1999 ,aradae
294 1917 432 1979 habiturn
460 1918 620 1993 ostendat,
654 1918 727 1979 dum
758 1925 854 1979 totum
882 1920 912 1977 in
942 1925 1037 1980 totum
1068 1938 1138 1983 sese
1167 1922 1258 1984 deum

141 2020 184 2071 ae
204 2004 297 2085 plene
320 2004 520 2077 transfundit,
544 2010 575 2065 et
597 2005 738 2080 quicquid
762 2009 809 2064 est
831 2003 908 2065 deus
932 2007 991 2064 iarn
1014 2008 1080 2080 ipse
1098 2009 1148 2078 fit,
1170 2024 1259 2083 pree-

141 2100 192 2155 ter
219 2105 315 2153 unam
344 2093 499 2152 essentiae
521 2091 724 2162 identitatem,
758 2095 789 2151 et
811 2095 907 2151 totum
930 2093 1029 2166 ipsum
1055 2108 1110 2167 pro
1133 2108 1168 2151 se
1189 2095 1258 2168 ipso

139 2179 239 2241 deum
271 2178 397 2254 accipit,
437 2179 690 2253 ascensionisque
725 2177 764 2239 ad
798 2177 889 2237 deum
922 2179 1077 2237 institutae
1111 2184 1256 2251 tanquam

139 2265 314 2343 praemium
341 2264 443 2339 ipsum
473 2265 670 2341 consequitur
692 2280 729 2324 uc
752 2263 851 2325 solum
873 2263 980 2336 deum,
1011 2268 1045 2323 ut
1067 2279 1167 2323 rerum
1191 2281 1259 2325 mo-

139 2358 247 2417 tarum
269 2350 413 2411 motionis
434 2350 542 2425 finem,
577 2367 614 2411 ac
635 2351 752 2410 firmam
775 2356 805 2410 et
827 2350 964 2409 stabilem
988 2367 1093 2410 eorum
1116 2365 1194 2424 quae
1217 2352 1256 2411 ed

140 2453 218 2503 earm
246 2435 384 2497 teruntur
413 2437 594 2512 stationem,
628 2439 789 2512 omnisque
818 2437 886 2496 linis
917 2441 948 2497 et
970 2436 1093 2513 regulae
1115 2442 1147 2496 et
1169 2437 1258 2514 legis,

141 2524 298 2597 emmonis
327 2527 419 2599 etque
448 2524 559 2585 mentis
587 2531 618 2585 et
646 2528 774 2585 naturae
801 2522 908 2597 finem,
938 2527 969 2582 et
995 2523 1143 2583 inlinitum
1165 2525 1258 2583 inter-

141 2612 356 2684 manuumque
379 2614 501 2671 metam.
546 2610 621 2670 Cum
642 2602 734 2686 igitur
756 2608 934 2669 naturaliter
954 2608 1064 2684 bomo,
1093 2615 1257 2684 postquam

141 2696 311 2767 fabricatus
341 2700 404 2770 est,
435 2697 516 2757 circe
544 2696 697 2757 immobile
720 2700 754 2756 ut
776 2696 825 2757 sui
845 2696 963 2757 initium
992 2695 1096 2776 (deum
1118 2696 1257 2778 inquam)

136 2799 208 2857 ‚nou
232 2786 333 2843 motus
355 2787 440 2842 esset
461 2787 569 2845 contra
591 2785 673 2845 circa
696 2783 832 2843 subiecta
851 2783 925 2858 sibi,
950 2799 1080 2858 quorum
1099 2784 1258 2860 imperium

141 2886 165 2931 a
193 2863 268 2929 deo'
284 2869 313 2926 ei
340 2867 521 2931 mandatum
551 2875 636 2940 erat,¹
666 2868 877 2931 innaturaliter
906 2875 1016 2946 sponte
1047 2886 1104 2931 sua
1134 2874 1164 2930 et
1186 2872 1260 2930 insi-

141 2956 266 3033 pienter
287 2959 389 3017 motus
412 2955 467 3030 sit,
501 2972 570 3016 cum
592 2956 722 3017 naturali
744 2955 902 3027 facultate,
935 2971 1015 3032 quae
1038 2959 1066 3016 ei
1088 2958 1259 3019 secuudum

141 3042 336 3103 nabutatem
365 3041 438 3104 data
466 3048 532 3103 erut
559 3042 599 3102 ad
630 3042 841 3102 discretorum.
859 3043 1028 3102 unitionem
1051 3044 1081 3100 in
1105 3045 1258 3103 unitorum

137 3128 249 3207 portos
279 3126 493 3191 discretionem
522 3129 714 3202 abuteretur,
748 3133 777 3188 et
804 3128 835 3185 in
857 3127 917 3187 hoc
938 3128 1060 3202 negotio
1082 3144 1183 3207 paene
1204 3130 1260 3189 mi-

142 3208 219 3279 sere
251 3214 401 3297 esset-in
438 3216 731 3275 non-existentiam
764 3214 923 3289 relapsus,
963 3212 1077 3272 idcirco
1109 3215 1260 3274 innovan-

142 3306 197 3363 tur
225 3302 383 3373 naturae,
403 3305 433 3361 et
461 3300 631 3362 incredibili
660 3301 752 3361 modo
782 3315 819 3360 ec
845 3315 940 3376 supro
963 3303 1104 3359 naturum
1127 3301 1207 3360 circe
1229 3299 1259 3358 id

142 3384 230 3465 quod
260 3391 372 3448 nature
400 3392 541 3449 movetur
561 3387 767 3462 immobiliter,
803 3390 837 3446 ut
858 3387 901 3446 ita
923 3385 1040 3456 dicam,
1069 3392 1208 3447 movetur
1229 3385 1259 3444 id

143 3471 231 3551 quod
261 3472 432 3535 seeundum
460 3477 599 3534 naturam
629 3489 719 3534 suam
747 3475 839 3548 plane
861 3471 1014 3532 immobile
1036 3476 1101 3544 est,
1129 3476 1159 3530 et
1180 3472 1258 3531 deus

143 3560 241 3621 bomo
268 3557 317 3632 u,
348 3563 382 3621 ut
411 3558 567 3619 bominem
594 3558 745 3635 perditum
768 3558 890 3620 salvum
912 3557 1021 3631 faciat,
1052 3562 1082 3617 et
1105 3557 1259 3635 generetis

143 3648 179 3707 in
215 3644 415 3707 universitate
448 3650 577 3707 naturae
612 3661 666 3721 per
701 3646 901 3721 semetipsum
936 3642 1092 3703 naturales
1127 3646 1260 3720 iungens

143 3734 308 3806 rupturas,
331 3736 363 3791 et
383 3732 548 3807 'generales
570 3732 795 3807 particularium
817 3729 955 3806 prolatas
973 3730 1126 3803 rationes,
1151 3731 1260 3804 quibus

144 3818 351 3881 discretorum
377 3818 474 3877 unitio
500 3817 689 3879 instituenda
711 3821 793 3889 erat,
815 3814 1025 3876 manifestans
1046 3830 1193 3892 magnum
1213 3815 1262 3875 dei

144 3920 188 3965 ec
203 3902 306 3978 'paens
327 3902 489 3964 consilium
511 3902 664 3982 impleret,
694 3903 725 3962 in
748 3917 819 3962 sese
842 3901 946 3960 omnia
968 3899 1171 3977 recolligens,
1198 3904 1262 3961 teni

144 3988 297 4057 aelectio
327 4003 420 4065 quam
448 3993 585 4063 terrena,
617 3991 648 4049 in
678 4004 738 4062 quo
766 3990 858 4049 etiam
889 3985 1012 4046 condita
1040 3998 1138 4046 erant.
1191 3985 1263 4048 Pro-

145 4075 230 4139 lecto
258 4074 352 4152 igitur
381 4076 536 4152 generalis
566 4090 626 4150 qua
654 4080 766 4135 cuneta
794 4075 824 4133 in
862 4073 1060 4148 semetipsum
1095 4079 1263 4151 congreget

145 4161 358 4223 unibouisex
379 4167 486 4223 nostra
508 4161 691 4223 discretione
712 4160 794 4221 iacto
811 4159 975 4235 principio,
998 4158 1150 4234 perfectus
1169 4159 1262 4221 homo

218 4296 245 4353 b.
269 4298 319 4350 Hic
341 4299 464 4351 mendum
487 4296 592 4362 aliquod
617 4295 687 4349 latet.
756 4299 782 4349 4.
806 4287 1002 4363 ἀπολλύμενον
1022 4294 1080 4346 eod.
1100 4294 1183 4358 liud„
1213 4308 1262 4345 nso

146 4365 233 4420 semet
249 4366 295 4421 itu
989 4431 1056 4497 w
