2752 4778
214 180 288 259 248

211 364 291 432 ολλλιλ
302 367 479 470 σχέσεως,
507 371 561 430 καὶ
584 367 640 429 τοῦ
662 367 729 440 πιῦς
750 360 816 446 ἔχει
838 358 917 444 πρὸς
939 358 995 425 τόν
1017 358 1094 426 υἱόν
1117 359 1137 426 6
1162 384 1310 473 πατηρ,η

213 449 231 519 6
262 447 331 528 υἱός
358 449 441 535 πρός
469 450 526 515 τόν
554 455 693 561 πατέρα,
733 450 1013 555 συμπεριφορικυῖς
1040 446 1254 531 ένιὶγαγεν’
1226 446 1313 529 ενπιλτ,

204 537 306 605 Ἔστω
330 543 383 603 καλ
406 537 581 619 ε’νεργείας,
610 537 638 601 εί
661 539 755 602 τοῦτο
778 539 882 614 δοκεῖ,
910 539 965 598 καὶ
986 531 1167 645 ἐπιφέρει,
1187 531 1313 601 Αότόίλ

213 628 307 690 τοῦτο
331 622 504 706 ἐνηργηκῶς
525 622 564 687 όν
586 622 632 701 εἴη
656 622 692 687 τό
716 618 902 729 όμοοόσιον.
964 623 1042 696 Πιῦς
1065 645 1127 685 ουν
1150 619 1273 703 ἐνεργεῖ
1285 616 1313 685 τό

214 702 409 810 όμοοόσιον,
446 708 573 788 ζητῆσαι
602 734 650 785 τις
677 706 715 773 όν
737 705 833 817 τυχόν
855 708 917 770 τῶν
938 703 1020 789 όγαν
1041 705 1353 783 ἕξεταστιτιοῦνκελ

212 799 311 879 μηδὲν
332 794 394 860 τιῦν
416 792 642 904 συμφερόντων
664 789 790 878 ιλγνοείν
810 789 1018 896 ἀνεχομένων.
1066 797 1183 858 Τοῦτο
1203 796 1240 858 66
1254 790 1315 859 κατέ

215 880 341 949 τοιόνδε
369 880 490 963 τρόπον
513 878 778 990 ὁμαλισθῆσεται.
831 886 900 943 Avo
923 877 1069 944 καθόλου
1094 877 1154 955 τὰς
1177 876 1317 963 ἐνεργείας

214 962 299 1036 εἶναί
326 992 426 1054 φασιν
456 966 488 1032 έν
510 980 579 1044 τοῖς
600 959 691 1043 οῦσι,
719 973 798 1052 μίαν
817 969 878 1074 μὲν
900 963 955 1043 την
976 963 1196 1077 προρέγοοσαν
1217 966 1252 1031 ἐκ
1271 968 1317 1031 τόν

215 1053 315 1121 όντων
343 1059 509 1163 φυσικαῖς
513 1053 549 1118 τό
580 1050 716 1138 ὁμογενῆ
741 1058 794 1119 καὶ
818 1049 979 1134 όμοοῦσια
999 1057 1053 1117 καλ
1078 1050 1216 1129 ἑαυτοῖς
1234 1036 1317 1131 πόλις

215 1136 322 1206 ταῦτό.
373 1134 509 1204 Καθ’
490 1166 526 1218 ην
556 1145 839 1248 συμπεριενεχθεὶς
858 1148 927 1213 τοῖς
947 1137 1204 1222 λογολέσχαις
1188 1141 1321 1215 επιειτός

214 1225 315 1335 πρὸς
311 1225 360 1290 τό
387 1225 504 1310 μικρόν
528 1230 605 1306 γοῦν
627 1225 772 1335 ἐπισχεῖν
794 1221 907 1299 αῦτοῦς
928 1228 985 1289 τοῦ
996 1230 1217 1335 βλασφημεῖν
1239 1248 1321 1310 φησιν

216 1310 466 1420 όιλιιλρίσκαλος,
491 1309 592 1378 Ἔστω
624 1316 659 1378 δὲ
688 1309 767 1377 καθ’
798 1303 893 1414 ῦμῦς,
928 1310 1006 1375 κατιλ
1034 1307 1093 1375 τόν
1122 1309 1322 1379 ιλποιλοθέντιι

215 1398 339 1466 σκοπόν
362 1397 555 1480 τοῦλόγου,
588 1405 641 1464 καὶ
665 1395 862 1505 ἒνεργείας’
842 1422 946 1504 ονομα
969 1393 987 1461 6
1010 1396 1125 1505 πατήρ,
1173 1391 1235 1473 Οἷς
1255 1395 1321 1463 616·

214 1510 279 1594 γει,
307 1481 398 1550 Αῧτό
428 1488 463 1549 66
485 1488 579 1550 τοῦτο
603 1483 776 1594 ἓνηργηκώς
797 1480 836 1547 ἂν
858 1483 905 1562 εἴη
928 1479 945 1547 6
968 1481 1089 1567 πατὴρ,
1119 1482 1319 1563 δηλονότι
1292 1508 1320 1549 τι

216 1569 409 1681 όμοοῦσιον,
444 1566 486 1647 ὡς
520 1569 678 1654 ἐνέργειαν
715 1563 927 1645 οῦσιωιλίοῦς
912 1573 1100 1679 νφεστοῦσαν
1129 1577 1189 1637 καὶ
1221 1571 1322 1652 ζῶσαι,

216 1659 322 1766 ὥςπερ
349 1649 403 1721 οῦν
431 1649 538 1739 ιλμέλει
568 1664 622 1722 καὶ
650 1655 748 1763 λόγον
776 1658 875 1733 ζοντα
896 1661 949 1720 καὶ
972 1652 1108 1763 δύναμιν
1131 1662 1190 1722 καὶ
1213 1663 1321 1765 σοφία

216 1739 464 1808 αῦθνπόστατον
485 1741 541 1807 τόν
561 1748 718 1827 μονογενῆ
740 1745 822 1808 θεοῦ
842 1740 942 1824 λόγον
963 1747 1016 1807 καὶ
1040 1738 1114 1806 υἱόν
1133 1747 1196 1807 τοῦ
1213 1741 1322 1827 πατρός

215 1828 405 1937 εἰρήκασιν
410 1827 444 1893 06
471 1829 650 1933 θεόφρονες
680 1834 732 1908 τῆς
760 1828 915 1906 οἷληθείας
942 1825 1141 1897 διιλόσκαλοι.
1202 1829 1322 1912 Τῆνέλ

216 1915 326 2019 έτέραν
354 1914 512 1997 ἐνέργειόν
540 1941 640 1997 φασιν
669 1909 751 1980 εἶναι
775 1917 836 1979 τοῦν
859 1913 948 1990 ἐκτός
968 1910 1228 2024 όπεργαστικῆν,
1253 1910 1321 1984 καθ’

55 2023 102 2064 σοι.
115 2017 206 2064 των·
216 1996 255 2082 ὴν
281 2008 357 2084 περί
384 2027 413 2064 τι
441 2005 502 2066 τῶν
522 2000 644 2076 ἔξωθεν
663 1999 682 2107 Ι
688 2007 741 2067 καὶ
764 2000 974 2109 ἑτεροοοσίμν
995 2000 1131 2085 ἐνεργῶν
1152 2029 1205 2080 τις
1226 2000 1324 2111 ἕτερόν

216 2115 246 2153 τι
274 2091 328 2166 τῆς
355 2087 440 2164 ἰδίας
469 2083 580 2162 οῦσίας
602 2085 809 2196 ἀλλότριον
795 2113 829 2152 εκ
851 2092 1126 2174 προϋποκειμένης
1146 2088 1226 2170 ῦλης
1247 2086 1324 2164 τινός

217 2174 451 2251 κατασκευάζει
502 2173 628 2254 Ταῦτην
650 2175 740 2239 66
707 2199 761 2254 την
783 2172 961 2285 ἐνέργειαν
963 2184 1030 2250 ταῖς
1044 2177 1180 2278 τέχναις
1202 2178 1323 2256 ἐπιστη-

215 2265 355 2343 μονινιιῦς
388 2267 583 2344 συγκείσθαί
615 2285 705 2344 φασι.
760 2253 895 2341 Περὶ
876 2286 911 2340 ης
944 2256 961 2324 6
977 2259 1146 2368 θεόφρων
1176 2261 1325 2330 διδάσκα-

215 2347 276 2451 λός
302 2371 406 2456 φησι,
433 2347 475 2410 Εἰ
504 2353 558 2413 καὶ
586 2346 707 2422 ἄτοπος
728 2342 847 2427 ἄλλως,
875 2372 955 2455 παρ
973 2341 1011 2411 όν
1032 2346 1158 2433 ἐλήφθη
1182 2347 1325 2429 δηλονότι

217 2432 355 2515 τρόπον,
391 2430 406 2511 6
442 2436 495 2512 τῆς
525 2440 599 2516 περὶ
629 2437 723 2498 τοῦτο
755 2432 913 2515 ἐνεργείας
940 2428 1124 2545 ῦπόληημς,
1148 2440 1207 2500 καὶ
1235 2433 1325 2544 μόλι-

215 2543 276 2586 στα
310 2518 362 2583 ἐπὶ
395 2516 517 2606 πατρός
546 2527 600 2585 καλ
632 2519 703 2584 υἱοῦ
712 2519 1033 2629 λαμβανομένης,
1018 2516 1067 2604 εςό
1097 2511 1142 2584 ὧν
1172 2517 1251 2587 0666
1276 2520 1324 2601 τὴν

215 2598 357 2716 πρώτην
371 2611 486 2688 κνρίιος
514 2601 722 2683 δέξασθαιι
705 2631 723 2670 ο
753 2599 928 2689 εόσεβῆς
909 2610 1052 2689 ανέχετιιι
1082 2610 1171 2683 νοῦς,
1211 2604 1268 2673 διό
1291 2605 1322 2672 τό

114 2765 117 2769 ,
216 2697 269 2757 καὶ
297 2688 378 2776 ὑπὲρ
407 2689 519 2771 ταῦτην
547 2685 628 2757 εἶναι
657 2717 712 2800 τρν
741 2691 774 2756 ἐκ
803 2699 860 2758 τοῦ
888 2690 1088 2804 πατρός
1031 2698 1085 2758 καὶ
1107 2691 1176 2776 ἅμα
1199 2700 1247 2805 τῷ
1265 2718 1322 2759 πα·

216 2783 267 2860 τρλ
302 2782 356 2842 καὶ
392 2776 425 2840 έν
461 2781 506 2864 τῷ
540 2784 637 2864 πατρὶ
670 2775 837 2865 ἄφραστον
869 2804 922 2845 και
953 2778 1165 2864 απερινόητον
1195 2780 1324 2868 ὕπαρξιν

217 2866 275 2928 τοῦ
294 2867 495 2947 μονογενοῦς.

54 3051 273 3171 3¹⁸⁸·¹*¹;'„·¹¹²1'E²
296 3047 424 3146 τοῦβ’
446 3047 529 3144 περὶ
559 3050 645 3124 Υἱοῦ
671 3045 806 3150 λόγου,
842 3055 891 3134 είς
903 3049 975 3176 τὸ,
1004 3049 1093 3135 θεὸς
1118 3048 1161 3137 66
1187 3053 1323 3179 λέγωτο

54 3134 210 3281 π”ἶμνὲὶῦὲ
270 3151 317 3227 ἄν
348 3153 393 3227 οὗ
424 3160 492 3227 τοῦ
521 3149 656 3252 λόγου,
688 3161 757 3227 τοῦ
788 3151 981 3249 ὃρωαένοιν
1015 3151 1066 3228 ιλέ.
1131 3156 1229 3242 Παῖς
1254 3154 1323 3287 γὰρ

54 3243 101 3323 66¹.
120 3245 210 3333 λ”οιμ
270 3259 323 3354 εἴη
354 3264 422 3384 τρῦ
451 3254 589 3353 κυρίως
620 3258 715 3329 θεοῦ
748 3256 913 3339 θεόςᾎ
890 3254 1007 3350 ω’ςπερ
1037 3254 1100 3330 καὶ
1114 3259 1254 3389 πατήρ
1274 3259 1322 3335 οῦ

54 3335 102 3377 “¹''
116 3337 187 3376 '³²⁰⁸‘
268 3367 336 3434 τοῦ
366 3358 584 3489 ὁρωμένου,
619 3366 687 3487 τρῦ
716 3359 830 3460 λόγου
857 3357 909 3434 (λέ.
977 3357 1050 3433 Καὶ
1078 3355 1154 3460 γὰρ
1185 3356 1236 3459 ἦν
1266 3362 1323 3438 ιλι-

268 3470 398 3551 πλοῦς,
434 3461 523 3546 ιὸςτε
545 3460 587 3535 τό
611 3458 681 3555 μέν
704 3462 841 3555 κυρίως
865 3463 918 3535 ἐπ’
949 3461 1119 3590 ἀμφοῖν,
1151 3492 1196 3537 το
1181 3461 1321 3539 66'
1281 3493 1323 3539 ov

266 3566 422 3663 κυρίως·
459 3561 636 3647 ἐναντίως
666 3561 753 3638 66'
738 3565 800 3693 ιμ’
832 3563 939 3660 ἡαων
969 3566 1051 3660 ἔχει.
1097 3562 1232 3660 Ἦμαῦν
1254 3567 1324 3668 γόρ

266 3667 403 3765 κυρίως
428 3664 554 3749 θεὸς
536 3696 556 3740 ο
582 3665 691 3760 θεὸς,
720 3667 765 3741 οὐ
789 3665 925 3764 κυρίως
948 3664 989 3742 66
1014 3663 1148 3765 πατήρ.

324 3815 372 3883 Τό
394 3824 453 3927 μέν
475 3824 590 3901 κυρίως
609 3816 699 3885 676²
680 3831 802 3905 αμφοίν
823 3824 956 3902 θετέον,
990 3823 1046 3886 τοῦ
1067 3819 1171 3905 πατὴρ
1195 3825 1324 3888 καὶτοῦ

215 3900 361 3985 θεός,ί
339 3930 381 3980 ως
410 3903 532 4013 α’μφοίν
562 3904 614 3971 ἐπὶ
642 3909 793 3992 Χριστοῦ
822 3913 937 3990 κυρίως
964 3911 1116 3990 λέγεσθαι
1148 3911 1322 3993 δυναμένων

215 3989 267 4053 616
298 3988 352 4067 τῆν
376 4016 454 4097 μιαν
486 3987 672 4059 ῦπόστασιτ.
724 3998 872 4073 Χριστοῦ
893 3992 965 4104 γρρ
976 3991 1079 4075 πατὴρ
1102 4000 1220 4103 κυρίως
1241 3995 1323 4063 ἐστὶν

216 4071 234 4138 6
258 4074 351 4153 θεός,
381 4072 424 4147 ὡς
454 4076 524 4142 υἱοῦ
554 4084 607 4143 καὶ
639 4085 721 4144 θεοῦ
751 4081 848 4162 λόγου
877 4087 930 4146 καὶ
953 4078 1023 4156 ἑνός
1046 4083 1098 4158 τῆς
1119 4077 1214 4164 ἁγίας
1236 4080 1322 4166 τριό·

216 4156 306 4235 603‘
293 4160 490 4271 οπόρχοντος
513 4171 564 4229 καὶ
582 4163 674 4274 μετὰ
689 4165 743 4245 τὴν
766 4166 944 4277 σόρκωσιν,
974 4193 1027 4231 και
1018 4170 1128 4231 θεοῦ
1151 4172 1210 4233 τοῦ
1230 4166 1321 4234 αῦτοῦ

216 4249 364 4330 Χριστοῦ
389 4248 487 4315 πόλιν
515 4276 631 4335 κυριως
660 4251 765 4363 έστλν,
794 4249 836 4329 ὥς
864 4251 1039 4365 ἄνθρωπον
1068 4250 1148 4317 κατὰ
1170 4251 1320 4332 οἷλῆθειαν

216 4331 308 4409 ὄντος
329 4333 437 4397 ιλιιλ
405 4363 458 4414 την
479 4336 601 4419 σάρκα,
623 4345 676 4402 καὶ
695 4337 765 4415 ἑνός
784 4344 845 4404 τιῦν
863 4337 1045 4425 ἀνθρώπων
1060 4342 1319 4424 χρηματίζοντος
