2752 4778
1076 211 1148 288 271

36 398 118 463 deuo
141 389 345 461 solummodo
365 396 447 474 quod
476 398 516 457 sit
544 396 784 475 intellegendum
814 397 986 458 videntibus
1014 399 1149 479 largitur.

36 488 248 563 Quaecunque
278 501 351 546 vcro
382 487 461 544 circa
492 485 659 542 essentiam
690 489 762 543 sunt
798 500 860 543 non
893 485 964 558 quid
1003 489 1057 558 sit,
1094 487 1150 546 sed

36 575 113 651 qnid
141 590 203 633 non
234 574 273 633 sit
300 571 489 649 significant,
524 570 615 628 veluti
645 569 724 643 quod
756 585 817 629 non
849 570 949 630 sactus
974 580 1036 648 est,
1069 573 1149 648 quod

35 662 189 737 principle
226 663 326 732 caret,
366 654 447 731 quod
481 655 557 726 tine,
590 655 672 730 quod
708 672 833 731 corpore
869 662 970 729 caret,
1012 674 1151 733 quaeque

36 748 100 807 alla
129 744 278 807 eiusmodi
299 745 380 804 circa
401 743 566 802 essentiam
588 749 674 816 sunt,
710 748 739 801 et
761 741 874 816 aliquid
898 760 959 802 non
981 760 1070 816 esse,
1099 761 1152 805 ve·

35 848 108 895 rum
138 850 200 895 non
231 831 342 905 aliquid
373 845 441 890 eam
468 845 540 888 csse
569 830 710 904 probant3
746 830 801 888 sed
832 829 921 889 etiam
945 826 1151 905 providentiae

36 925 71 981 et
100 918 203 979 indicii
231 919 384 989 rationes,
419 916 529 991 quibus
558 916 735 974 universum
765 915 920 991 sapienter
947 921 1041 994 regit,
1076 934 1152 992 qua-

36 1021 107 1067 rum
131 1006 216 1066 socia
237 1018 411 1081 congruens
435 1016 557 1078 quoque
579 1007 709 1061 naturae
727 1001 944 1077 contemplatio
962 1004 1041 1063 circa
1060 1004 1151 1064 deum

36 1108 114 1155 esse
148 1091 272 1165 dicitur,
312 1089 477 1149 conditoris
513 1088 560 1147 sui
595 1087 787 1147 solummodo
817 1089 1009 1149 existentiam
1041 1107 1152 1150 conve-

37 1180 161 1241 nienter
183 1177 409 1238 demonstrans.
463 1172 539 1233 Dum
563 1176 654 1251 igitur
676 1173 925 1233 affirmationibus
949 1176 1152 1237 adversantur

30 1265 239 1343 negationes,
271 1267 375 1323 mutuo
404 1264 482 1321 inter
511 1277 545 1319 se
577 1263 657 1319 circa
686 1260 774 1320 deum
800 1267 830 1321 et
852 1262 949 1322 amice
971 1263 1028 1321 sibi
1051 1264 1153 1322 conci-

38 1352 118 1413 liant
139 1366 211 1411 sese
233 1355 262 1410 et
284 1349 452 1424 excipiunt:
482 1353 515 1406 ut
538 1348 718 1423 negationes
743 1362 803 1405 non
827 1347 940 1421 aliquid
958 1365 1029 1408 esse
1049 1348 1152 1419 deum,

37 1437 98 1499 sed
128 1436 242 1510 aliquid
272 1452 332 1495 non
356 1451 427 1494 esse
451 1433 656 1510 significantes
680 1434 761 1493 circa
783 1432 841 1492 lroc
865 1435 945 1508 quod
969 1434 1081 1509 aliquid
1104 1442 1153 1495 est

37 1524 123 1601 quod
144 1523 204 1583 hoc
226 1538 287 1582 non
311 1527 358 1581 est
379 1521 579 1581 conciliantur
600 1519 867 1593 allirrnationibuS,
892 1527 999 1581 contra
1021 1522 1152 1582 affirma-

38 1612 141 1671 tiones
164 1608 263 1669 solum
286 1608 368 1682 quod
391 1613 453 1681 est,
478 1606 546 1681 quid
571 1622 641 1666 vero
664 1606 787 1665 tandem
812 1607 840 1665 id
862 1608 902 1667 sit
925 1624 986 1666 non
1001 1610 1152 1683 aperiens,

38 1698 123 1759 clrca
156 1695 215 1755 hoc
251 1694 333 1769 quod
368 1694 481 1767 aliquid
511 1709 570 1752 non
601 1698 650 1752 est
678 1693 759 1766 quod
788 1695 845 1751 lroc
874 1700 922 1753 est
951 1695 1152 1756 conciliantur

39 1782 273 1863 negationibus,
309 1797 376 1840 oum
405 1780 534 1839 invicem
565 1781 809 1840 contrarietatem
840 1781 1008 1841 ostendunt
1037 1798 1075 1840 ex
1098 1799 1153 1858 op-

39 1869 209 1946 positione,
245 1868 326 1927 ciroa
355 1866 445 1926 deum
476 1871 577 1925 autem
604 1864 838 1926 familiaritatem
868 1867 905 1926 dc
928 1871 1151 1929 extremitatum

41 1960 149 2017 mutua
172 1956 202 2014 in
225 1969 275 2029 se,
299 1958 389 2028 prout
411 1968 460 2012 res
483 1951 554 2025 fert,
585 1953 785 2012 conversione
809 1958 922 2012 natam.

40 2123 102 2201 Ex
135 2122 266 2197 eodem
298 2146 483 2212 sermone,
518 2123 558 2195 in
584 2122 700 2212 illud,
741 2117 854 2213 ‚Cum
880 2145 968 2196 vero
995 2121 1152 2195 bonitati

93 2227 217 2301 solum
241 2250 308 2301 sua
334 2227 450 2325 ipsius
477 2226 785 2323 contemplatione
809 2226 952 2298 moveri
979 2250 1053 2297 non
1078 2225 1151 2297 suf·

91 2330 236 2422 ficeret,
262 2330 327 2404 sed
354 2328 513 2403 diffundi
535 2329 674 2402 bonum
698 2337 807 2427 atque
828 2330 1020 2427 propagari
1046 2351 1150 2427 opor·

91 2444 204 2526 teret,
230 2443 273 2506 ut
295 2433 420 2533 pluria
442 2442 561 2505 essent
584 2458 677 2531 quae
699 2433 877 2506 beneficio
897 2433 1152 2506 afficerentur.‘

81 2630 91 2643 ,
150 2567 247 2641 Quem
277 2583 370 2642 saepe
400 2567 461 2625 dixi
490 2584 586 2627 senex
607 2567 656 2627 ille
680 2583 811 2645 magnus
835 2573 864 2628 et
887 2570 1029 2644 sapiens,
1062 2585 1152 2643 quem

41 2654 81 2715 dc
109 2653 169 2714 lroc
196 2655 264 2715 loco
294 2652 451 2728 consului,
494 2670 638 2730 magnum
669 2659 699 2712 et
728 2655 863 2714 divinum
897 2653 1076 2731 Gregorium
1104 2655 1153 2715 his

40 2741 144 2800 verbis
167 2739 338 2817 significare
361 2739 517 2814 respondit
537 2741 626 2800 deum
646 2741 777 2801 eundem
796 2743 825 2799 in
846 2748 944 2802 semet
960 2743 1027 2818 ipso
1046 2759 1151 2816 unum,

41 2831 147 2902 utpote
169 2829 219 2902 qni
240 2843 322 2887 unus
345 2827 467 2902 proprie
490 2827 543 2901 sit,
569 2844 605 2886 ao
628 2826 701 2885 nihil
726 2830 847 2888 omnino
868 2829 947 2903 quod
968 2845 1030 2888 una
1048 2845 1152 2889 secum

40 2914 169 2991 cogitari
202 2915 302 2988 possit
328 2913 443 2973 babeat
472 2918 581 2973 natura
609 2913 779 2988 diversum,
815 2915 869 2973 sed
900 2918 930 2974 in
961 2921 1058 2976 semet
1085 2918 1154 2990 ipso

10 3054 12 3059 .
40 2998 155 3069 babeat
176 2999 275 3061 solum
298 2999 481 3059 soliditatem
503 3001 787 3076 imperceptibilem,
810 3002 893 3060 initio
911 3018 949 3061 ac
969 3003 1027 3060 tine
1046 3017 1154 3062 caren-

41 3090 118 3156 tem,
147 3092 178 3145 et
206 3085 560 3163 incomprehensibilem,
595 3102 632 3144 ex
664 3102 724 3161 qua
753 3087 792 3146 de
820 3087 936 3147 infinita
960 3089 1102 3148 bonitatis
1124 3095 1154 3148 et

42 3172 161 3249 gratiae
185 3172 372 3255 abundantia
396 3188 432 3230 ea
456 3186 535 3244 quae
565 3173 697 3231 existant
726 3190 764 3233 ex
796 3173 1056 3233 non-existentia
1083 3191 1153 3249 pro-

41 3258 118 3319 lcret
138 3264 230 3334 atque
249 3259 417 3318 subsistere
435 3256 543 3328 iaciat,
568 3258 700 3319 voluisse
719 3277 753 3319 sc
771 3260 872 3333 ipsum
892 3274 1013 3334 quoque
1033 3262 1153 3320 univer-

41 3346 85 3405 ela
116 3345 335 3405 convenienter
355 3351 386 3404 et
408 3344 538 3421 singulis
560 3345 717 3406 inlibatum
742 3347 983 3420 communicare,
1019 3348 1154 3407 existen-

39 3432 101 3493 llaa
135 3432 301 3506 unicuique
334 3436 365 3491 et
397 3432 592 3506 perennitatis
626 3432 799 3492 facultatem
831 3432 999 3510 largiendo.
1067 3432 1154 3506 Quod

37 3522 168 3580 sanctus
198 3523 290 3591 atque
320 3517 443 3578 divinus
472 3517 522 3576 illc
552 3534 682 3597 magnus
712 3517 872 3594 Dionysius
897 3520 1083 3596 Areopagita
1112 3522 1154 3578 si·

36 3603 186 3685 gnlflcare
201 3604 332 3678 ridetur,
356 3603 481 3674 dicens,
502 3604 649 3664 unitatem
673 3621 744 3664 esse
766 3607 797 3663 in
823 3605 880 3665 deo
904 3605 1153 3683 praedicandam,

34 3690 112 3753 lnde
141 3689 221 3765 quod
250 3689 289 3749 dc
316 3690 469 3749 universis
499 3692 679 3766 excipiatur,
714 3692 765 3766 qui
789 3692 921 3751 bonitate
950 3707 1008 3752 sua
1030 3693 1060 3751 in
1085 3693 1152 3751 exi-

33 3778 184 3839 stentiam
208 3775 385 3852 produxerit
406 3791 526 3836 omnem
550 3793 650 3836 rerum
676 3792 753 3852 quae
776 3778 995 3855 intelleguntur
1016 3777 1153 3837 ordinem

32 3878 183 3943 quaeque
211 3862 353 3922 videntur
378 3850 588 3938 venustatem,
616 3869 649 3923 ut
678 3864 841 3938 unicuique
864 3868 1022 3924 creaturae
1045 3879 1153 3925 secun·

28 3950 112 4013 dum
149 3947 331 4008 ineliabllem
369 3949 523 4023 quandam
560 3950 731 4023 sapientiae
765 3951 913 4010 rationem
946 3949 1153 4013 indominatas

28 4038 131 4111 insit‚·
157 4041 190 4097 et
217 4040 319 4097 tamon
351 4035 436 4095 nulla
464 4036 589 4093 omnino
613 4037 730 4095 ratione
752 4043 805 4097 aut
827 4037 918 4096 modo
942 4052 1047 4097 rursus
1071 4053 1153 4098 com·

23 4122 263 4205 prehendatur,
298 4127 389 4196 atque
419 4121 467 4180 his
490 4122 612 4195 quidem
634 4121 673 4181 dc
695 4121 782 4199 larga
805 4124 953 4183 bonorum
976 4138 1099 4184 suorum
1123 4128 1153 4183 et

25 4210 140 4275 editoe
161 4206 366 4283 abundantia,
391 4207 495 4267 altaris
519 4206 725 4280 mediocriter,
755 4207 822 4270 aliis
846 4210 876 4267 in
899 4213 1018 4270 tantum
1039 4216 1075 4270 ut
1096 4210 1154 4270 all-

25 4294 222 4377 quantulum
248 4300 331 4355 certe
357 4294 455 4368 ipslus
476 4293 641 4371 imaginem
664 4295 776 4356 reterre
797 4295 925 4372 possint.
972 4295 1071 4372 Atque
1092 4295 1153 4356 hoo

23 4386 172 4449 mssa
193 4386 258 4450 eat,
290 4385 324 4441 nt
345 4396 434 4441 meae
457 4379 577 4441 videtur
594 4382 804 4459 ignorantiae,
839 4381 913 4442 illud
936 4382 1015 4457 qnod
1039 4383 1152 4443 bonum
