2752 4778
55 383 103 424 αι.
119 377 208 424 ι..ιοο.
221 351 296 421 Τοῦ
334 344 451 418 αὐτοῦ
482 343 521 415 ἐκ
551 346 620 413 τοῦ
654 336 803 463 ἀὑτοῦ
834 339 985 434 πρώτον
1013 338 1129 439 λόγου
1157 333 1165 440 Ι
1199 336 1310 421 είς
1275 367 1324 433 το,

55 490 110 537 τε,
119 487 165 526 ιι..
177 487 209 576 ⁰6
264 445 343 521 Ἑνὶ
374 443 415 521 66
444 440 657 541 κεφαλαίῳ
690 438 738 512 τὰ
769 438 840 536 μὲν
864 437 1077 539 ὑψηλότερα
1098 441 1278 568 πρόςαγε
1284 449 1323 538 τῇ

54 537 211 640 6666:
272 543 384 645 θεότη
385 578 418 622 τι
445 547 509 622 καὶ
534 551 579 640 τῇ
600 539 780 667 κρείττονι
805 543 914 641 φύσει
935 546 1075 618 παθῶν
1098 543 1162 619 καὶ
1197 539 1348 637 στόμα--

270 681 349 744 τος,
388 649 434 724 τοὶ
463 645 504 724 66
536 639 775 742 ταπεινότερα
805 653 859 745 τῷ
889 644 1064 744 σανθίτηο
1097 647 1162 722 καί
1195 643 1321 722 διὰ
1290 673 1321 720 οε

270 753 474 829 κενωθέντι
496 779 559 825 και
548 747 834 845 σαρκωθὲντι,
870 745 981 824 οὐδὲν
1005 747 1045 825 66
1066 755 1197 849 χεῖρον
1218 752 1322 824 εἰπεῖν

270 854 333 932 καὶ
359 850 679 951 ἀνθρωπιοθόντι.

55 635 210 690 ρ...5371οιο1.

321 988 361 1055 ‘O
391 995 447 1055 τοὺ
473 991 556 1054 θεοῦ
578 984 672 1069 λόγος
695 985 771 1060 ὅλος
795 981 889 1050 οόσία
911 985 1066 1073 πλήρηςι
1051 988 1220 1112 ὑπάρχων,
1254 986 1323 1064 θεός

221 1094 295 1179 γὰρ,
334 1099 386 1157 καὶ
419 1088 595 1163 ὑπόστασις
625 1087 739 1186 όλος’
754 1081 935 1209 666666666,
972 1087 1039 1165 οίός
1067 1089 1145 1178 γὰρ,
1182 1095 1323 1168 κενωθεὶς
1311 1012 1349 1177 ςλ

219 1196 278 1275 μὲν
307 1191 413 1280 σπορὰ
442 1195 490 1317 γέχ
491 1216 551 1256 οιε
579 1195 632 1268 τῆς
654 1187 775 1307 οἶκειας
796 1186 934 1274 σαρκός,
970 1185 1098 1278 666666
1122 1193 1157 1256 δὲ
1178 1187 1321 1274 συλλήψει

221 1301 385 1370 συντεθεὶς
414 1291 507 1372 αὑτῆς
537 1284 750 1367 ὑπόστασις
741 1293 871 1374 γέγονε
895 1297 948 1371 τῆς
969 1297 1231 1379 προςληςοθείσης
1251 1316 1322 1377 σαρ-

220 1396 284 1472 κός.
325 1400 391 1460 Καὶ
414 1394 513 1483 τούτῳ
537 1399 580 1482 τῷ
601 1398 700 1480 καινῷ
719 1400 882 1482 μυστηρίῳ
905 1391 969 1460 κατ’
992 1392 1151 1479 άλήθειον
1172 1391 1323 1481 ἀτρέπτως

222 1501 299 1575 ὅλος
319 1500 488 1584 γενόμενος
510 1497 699 1582 άνθριοπος,
731 1497 788 1562 660
813 1497 938 1582 φύσεων
961 1495 1109 1563 άκτίστοο
1132 1521 1165 1562 τε
1188 1502 1243 1562 καὶ
1264 1514 1349 1575 ιιτι-,Ι

220 1604 309 1681 στῆς,
338 1596 492 1673 ἀπαθοῦς
514 1624 545 1662 τε
569 1603 622 1662 καὶ
643 1600 805 1680 παθητῆς,
830 1593 847 1660 6
867 1590 962 1672 αὑτός
980 1593 1159 1674 ὑπόστασις
1177 1589 1232 1676 66,
1255 1593 1321 1660 πόν-

221 1727 276 1778 τας
302 1701 313 1734 ⁴
335 1698 509 1776 άνελλιπιός
539 1699 612 1776 τοὺς
642 1696 812 1784 φασικοὺς,
852 1691 895 1763 ὧν
924 1695 1115 1776 ὑπόστασις,
1153 1690 1190 1778 ἦν
1219 1696 1322 1782 λόχοις

221 1804 454 1889 ἐπιδεχόμενος.
520 1805 561 1867 Εἰ
600 1807 633 1867 δὲ
669 1802 788 1877 πάντας
824 1796 985 1878 οὑσιοιόάς
1018 1794 1061 1867 τόν
1089 1797 1268 1877 ὑπόστασις
1292 1791 1321 1880 66

221 1907 294 1983 τοὺς
316 1908 470 1993 φυσικοὺς
492 1909 657 1992 ἐπεδέχετο
681 1906 811 1990 λόγους,
842 1904 928 1995 6616
952 1909 1095 1993 σονθὲτῳ
1116 1908 1274 1993 γενομένῳ
1293 1907 1325 2001 16

58 2007 504 2097 6621651-''6606666166
533 2005 652 2091 σαρκός
680 2005 759 2070 κατὰ
790 2004 846 2089 τὴν
872 2001 1051 2073 ὑπόστασιν
1074 2006 1157 2071 πάνυ
1179 2002 1319 2093 σογῶςό

221 2113 427 2191 διδάσκαλος,
464 2114 519 2176 ἵνα
548 2111 589 2195 μὴ
619 2108 698 2194 ψιλά
730 2114 890 2200 νομισθῇ,
927 2109 963 2173 τά
994 2113 1047 2190 τῆς
1071 2111 1195 2187 οἰκείας
1216 2108 1321 2198 σαρκός

219 2212 310 2293 πάθη
329 2217 548 2298 προςένειμεν,
570 2212 610 2277 66
618 2217 673 2276 τοῦ
696 2238 726 2276 τε
750 2215 802 2290 τίς
825 2211 944 2299 σαρκός
961 2209 1167 2297 ὑπαρχούσης
1189 2205 1318 2282 καλιαί

220 2314 316 2404 αὑτὴν
338 2315 466 2398 άληθῶς
489 2317 555 2383 όντι
578 2321 648 2403 θεῷ
669 2320 806 2404 παθητῷ
827 2317 905 2381 κατά
929 2322 982 2398 τῆς
1003 2314 1167 2404 ἁμαρτίας.
1213 2310 1320 2393 Οόσίας

220 2425 340 2496 τοίνυν,
377 2413 451 2483 καθ’
481 2414 520 2501 ἢν
549 2423 602 2483 καὶ
631 2423 813 2501 σαρκιοθελς
840 2415 960 2495 ὑπλοὺς
986 2415 1028 2485 ⁶6
1052 2419 1150 2502 λόγος
1169 2423 1320 2505 μεμένηκε,

219 2528 273 2587 καὶ
294 2519 517 2602 ὑποστάσεως,
540 2519 613 2587 καθ’
637 2517 673 2599 ἣν
696 2521 873 2608 προςλήηιει
897 2522 1017 2610 σαρκός
1038 2528 1147 2608 γέγονε
1167 2524 1319 2600 σύνθετος,

220 2631 273 2691 καὶ
296 2624 375 2701 θεός
396 2622 541 2703 παθητός
565 2624 776 2708 οἰκονομικῶς
799 2625 1006 2709 ἐχρημάτισε,
1045 2627 1167 2704 όεικνὺς
1188 2626 1244 2709 τῆν
1263 2631 1321 2694 δια·

221 2727 331 2865 ηιοριλν7
356 2722 372 2791 6
403 2726 592 2803 διδάσκαλος
622 2727 719 2791 ταῦτά
749 2752 864 2813 ηησιι,
896 2729 951 2793 ίια
980 2758 1021 2814 μι
1052 2729 1089 2794 τά
1114 2736 1191 2812 τῆς
1189 2728 1320 2812 666666

220 2855 299 2955 σερις
320 2833 593 2916 7κατηγοροῦντες
620 2829 721 2908 ⁸66
701 2839 833 2916 αχνοίας
855 2837 910 2911 τῆς
932 2832 1057 2917 φάσεως
1079 2834 1232 2920 λάθωμεν
1253 2830 1321 2902 κατὰ

221 2932 293 3011 τοὺς
309 2932 495 3016 ἰΑρειαιοὺς
516 2940 585 3022 θεῷ
607 2934 700 3020 ηιόσει
724 2939 860 3022 παθητῷ
884 2942 1146 3023 προςκονοὺντες·
1182 2935 1274 3007 οοόει
1294 2941 1322 3005 6

218 3046 328 3120 χεῖρον
356 3035 457 3100 εἰπεῖν
485 3043 537 3101 καὶ
560 3000 820 3124 όνθρωπισθὲντι
844 3040 1057 3122 προςὲθηκεν,
1095 3036 1132 3104 06
1153 3040 1256 3125 μόνον
1277 3037 1321 3106 66

58 3161 105 3202 σοι,
117 3164 131 3202 ι,
143 3157 180 3202 106
190 3164 209 3205 ι.
219 3139 291 3215 τοὺς
309 3136 491 3221 Ἀρειανοὺς
514 3136 583 3205 άντὶ
606 3144 709 3224 ψυχῆς
733 3143 739 3224 Ι
769 3139 824 3223 την
846 3138 1000 3219 θεότητα,
1031 3147 1083 3206 καὶ
1108 3141 1181 3219 τοὺς
1199 3140 1323 3208 Ἀπολι-

24 3253 26 3257 ‘
218 3240 368 3328 παριστὰς
403 3239 500 3306 άνονν
534 3241 589 3327 τήν
625 3242 729 3328 ψοχὺν
765 3245 1027 3326 τλογματίζοντας,
1063 3252 1116 3310 καὶ
1152 3243 1254 3336 τοότιρ
1287 3250 1323 3336 τῷ

218 3343 326 3433 τρόπῳ
357 3342 392 3408 τό
423 3340 542 3408 τέλειον
569 3352 627 3424 τῆς
656 3343 731 3411 καθ)
760 3343 844 3430 ἡμᾶς
873 3350 929 3411 τοῦ
957 3347 1055 3430 λόγου
1086 3352 1325 3436 περιτέμνοντες

218 3443 356 3529 φάσεως,
395 3450 448 3508 καὶ
484 3443 578 3528 φύσει
614 3445 768 3524 θεότητος
802 3445 950 3526 παθητόν
978 3445 1077 3513 αὑτόν
1104 3454 1321 3535 ποιουμένοις,

217 3544 283 3612 ἀλλ’
307 3548 363 3615 Ιἵνα
394 3553 447 3611 καὶ
478 3551 593 3638 δειχθῇ
622 3552 740 3624 τέλειος
767 3540 841 3633 ὑμῖν
868 3549 1003 3677 γεχοναὺς
1035 3552 1140 3618 9κατά
1175 3549 1325 3635 ἀλήθειαν

217 3647 434 3740 ίίνθροιποςι
419 3674 436 3715 ο
460 3651 645 3739 μονογενὴς
658 3645 807 3733 θεός,ί
783 3679 825 3729 ιιις
847 3650 923 3719 δ”ἰ
910 3660 1057 3738 ειεργοός
1086 3655 1182 3740 ςοόσει
1211 3653 1325 3786 σαρκός

217 3759 334 3842 νοεραίς
369 3781 401 3820 τε
436 3761 488 3820 καὶ
526 3760 661 3839 λογικῶς
689 3755 905 3842 ἒψνχωμένης,
941 3754 1124 3842 αότοοργῶν
1154 3765 1216 3828 τεόν
1244 3760 1325 3847 ὑμῶν

218 3862 393 3941 σωτηριαν,
427 3857 515 3942 εἴπερ
546 3855 625 3920 κατά
648 3856 752 3921 πάντα
773 3864 872 3944 χωρὶς
891 3857 988 3942 μόνης
1010 3855 1185 3944 ἁμαρτίας,
1214 3857 1268 3944 ἧς
1265 3858 1324 3930 οὑ-

218 3963 282 4028 δελς
313 3961 350 4046 τῇ
386 3957 480 4042 φάσει
509 3959 710 4036 παντελῶς
696 3963 885 4046 ενέσπαρται
915 3960 1026 4044 λόγος,
1062 3960 1129 4029 άλλ
1161 3961 1199 4030 06
1229 3971 1323 4054 χωρίς

217 4063 352 4144 φυσικῆς
382 4058 554 4143 ἐνεργείας,
592 4054 722 4142 άληθῶς
751 4066 875 4146 γέγονεν
904 4061 1092 4150 ἄνθρωπος,
1131 4059 1167 4147 ἧς
1188 4065 1207 4134 6
1232 4066 1323 4154 λόγος

197 4163 292 4247 ,ὅρος
320 4167 374 4240 τῆς
404 4163 519 4238 ον’σίας
546 4166 567 4200 ¹⁰
581 4164 665 4243 ἐστὶ,
701 4166 821 4241 πάντας
849 4169 1087 4253 χαρακτηρίζων
1116 4175 1258 4254 φυσικῶς
1278 4162 1322 4247 οἷς

286 4320 310 4386 1'.
334 4330 421 4386 αὐτοῦ
440 4349 489 4386 non
510 4339 592 4387 estin
611 4338 651 4392 ed.
669 4339 724 4392 Gal.
787 4340 813 4388 2.
832 4321 992 4404 άνελλειπὴς
1004 4341 1045 4392 ed.
1063 4341 1118 4396 Gal.
