2752 4778
1101 173 1147 263 aa

32 350 201 433 ‘medalem
230 355 352 413 sortem.
405 348 442 409 Et
470 351 536 426 ipse
558 350 695 411 Christus
726 354 856 412 naturae
880 355 1033 415 mutabilis
1056 356 1153 417 luisse

43 440 220 515 reperietur,
255 439 347 500 etiam
379 437 478 497 carnis
505 438 672 506 essentiam
699 437 729 494 in
759 437 789 496 id
812 439 893 511 quod
915 457 976 499 non
1000 448 1065 502 erat
1086 459 1154 503 mu·

45 527 128 598 tavit,
163 531 196 584 et
226 527 370 585 unionem
402 539 472 583 curn
501 529 611 584 natura
634 522 796 583 identidem
821 527 1001 586 conciliavit.
1046 529 1152 588 Consi-

10 610 183 671 erueremus
206 613 288 670 enirn
308 609 500 670 dei-virilem
521 610 742 684 operationem,
767 609 866 682 qualis
886 615 1040 688 apparuit,
1071 621 1152 675 certe

27 713 103 765 ¹-non
133 698 198 770 sul,
231 697 286 756 sed
316 697 412 755 nostri
435 697 533 773 gratia
557 695 606 754 hic
629 701 768 755 versatus
793 702 855 770 est,
888 704 1090 773 naturamque
1113 701 1161 760 ad·

45 783 307 858 ,supernaturalem
338 781 541 842 conditionem
571 783 681 842 evexit.
716 779 793 859 ‚lam
824 781 927 857 politia
950 792 997 844 est
1020 786 1149 846 vita'se-

43 870 175 943 ,madum
206 874 334 930 naturae
362 867 447 945 leges
475 867 634 942 traducta,
671 872 700 926 et
723 867 857 928 Christus
888 874 995 930 natura
1026 878 1073 931 est
1096 872 1152 932 du-

54 955 130 1032 plex:
166 956 271 1015 merito
301 955 392 1031 igitur
423 956 513 1014 vitam
543 971 632 1013 suam
662 953 794 1013 ostendit
815 954 874 1030 legi
897 954 1018 1016 divinae
1041 965 1070 1017 et
1091 959 1151 1036 legi

38 1040 197 1121 ¹bumanae
227 1045 462 1118 congruentem,
495 1046 524 1099 et
546 1040 585 1098 ad
608 1046 766 1112 utramque
789 1042 854 1099 sine
879 1042 1056 1103 confusione
1079 1060 1151 1105 oon-

22 1133 251 1204 ,temperatam
309 1125 394 1186 Nova
425 1128 485 1185 vita
515 1125 585 1201 init,
617 1143 676 1184 non
704 1130 819 1184 tantum
847 1128 1001 1202 incognita
1024 1134 1054 1189 et
1077 1131 1152 1192 mira

10 1200 146 1275 *aarum
175 1218 317 1289 respectu
346 1215 397 1286 qui
427 1213 456 1270 in
484 1215 666 1289 terrisptunc
689 1217 776 1270 erant
798 1216 827 1271 et
850 1213 950 1273 adbuc
972 1231 1072 1276 rerum
1088 1232 1152 1276 na-

55 1305 112 1360 tura
137 1303 341 1374 incomperta,
374 1313 477 1358 verum
507 1302 598 1357 etiam
622 1299 763 1372 quoniam
787 1298 943 1359 character
965 1306 1031 1361 erat
1052 1317 1151 1361 novae

50 1385 199 1448 cniusdam
222 1385 425 1461 operationis,
450 1385 515 1443 eius
539 1386 587 1458 qui
612 1401 691 1444 novo
715 1385 772 1443 ritu
791 1386 921 1445 vivebat.
967 1385 1053 1446 Hanc
1075 1388 1151 1448 iorte

33 1473 96 1547 -qni
122 1473 237 1548 primas
266 1471 336 1531 huic
367 1471 509 1546 mysterio
540 1469 774 1545 appellationem
802 1473 1034 1532 convenientem
1059 1490 1151 1543 exco-
1187 1512 1189 1514 ψ

53 1548 161 1635 piterii,
192 1556 417 1633 ,dei-virilem‘
447 1557 537 1630 dixit,
567 1563 600 1614 ut
623 1556 795 1616 ostenderet
818 1558 939 1616 modum
961 1557 1044 1618 illum
1068 1576 1151 1621 com·

39 1645 256 1704 amicationis
284 1645 315 1702 in
344 1641 486 1702 ineffabili
516 1643 646 1720 unione,
664 1636 726 1717 'qui
752 1641 826 1723 „lacit
853 1649 887 1703 ut
916 1645 1049 1703 vicissim
1081 1662 1151 1721 pro·

38 1732 188 1804 anantes
211 1728 385 1800 naturales,
416 1744 494 1803 quae
518 1727 604 1788 alteri
623 1729 729 1788 Christi
753 1730 830 1803 parti
848 1731 1048 1806 conveniunt,
1080 1738 1151 1792 sunt

57 1817 218 1892 aviasque,
246 1816 363 1889 absque
391 1822 493 1874 tamen
524 1814 604 1873 illius
627 1815 721 1889 partis
745 1831 812 1873 cum
834 1815 908 1889 hac,
943 1833 1038 1890 penes
1062 1823 1151 1878 uatu-

58 1902 323 1973 ralem'rationem,
347 1901 567 1975 permutatione
588 1905 640 1961 aut
659 1902 844 1961 confusione.
887 1902 1150 1976 Quemadmodum

42 1990 124 2048 -cnirn
152 1990 182 2048 in
213 1986 315 2065 gladio
345 1987 439 2063 ignito
463 1987 587 2046 secandi
611 1988 655 2046 vis
680 1988 710 2046 fit
733 1989 828 2062 ustio,
864 1995 893 2047 et
916 1990 995 2048 ustio
1018 1990 1150 2049 vicissim

58 2074 168 2134 suanm
199 2075 243 2134 vis
279 2076 362 2152 (nam
391 2074 469 2132 sicut
496 2073 598 2150 gladio
628 2074 722 2150 ignis,
765 2074 807 2132 ita
837 2080 866 2132 et
900 2074 993 2149 gladii
1030 2071 1149 2151 actioni,

59 2176 107 2234 qua
132 2165 231 2233 secat,
264 2161 364 2219 unitur
387 2161 432 2218 vis
456 2160 536 2235 ignis
560 2161 735 2234 quaeerit,
768 2175 881 2234 perque
904 2160 1046 2219 unionem
1068 2161 1150 2221 hanc

59 2253 80 2305 et
109 2246 229 2324 gladius
267 2246 452 2305 nanciscitur
488 2244 595 2304 urendi
629 2247 792 2318 actionem,
834 2251 864 2303 et
891 2247 984 2322 ignis*
1002 2246 1148 2322 secandi),

60 2339 183 2393 neutrum
218 2339 321 2394 tamen
358 2348 395 2391 ex
432 2331 489 2390 bac
518 2333 630 2392 unione
659 2338 689 2390 et
717 2332 988 2391 communicatione
1016 2333 1148 2407 aliquam

10 2302 18 2313 ι

58 2422 156 2494 patitur
183 2419 440 2491 immutationem,
478 2417 533 2477 sed
561 2424 737 2492 utrumque,
773 2419 863 2477 etiam
891 2419 921 2477 in
951 2418 1003 2478 illa
1025 2420 1148 2491 unione,

27 2542 33 2565 -,
58 2503 155 2580 inqua
178 2511 262 2566 certa
283 2503 433 2578 quaedam
458 2509 505 2563 est
527 2505 683 2580 compositi
707 2506 798 2577 ratio,
823 2503 992 2564 naturalem
1012 2506 1068 2564 sibi
1086 2521 1150 2565 ser-

60 2597 100 2650 rat
125 2593 354 2669 proprietatem:
394 2591 457 2664 pari
485 2591 601 2650 ratione
632 2596 661 2649 et
684 2592 713 2648 in
738 2592 880 2665 mysterio
904 2596 1030 2673 sanctae
1053 2593 1151 2650 incar-

10 2679 21 2733 '.
59 2679 175 2739 nationis
209 2677 309 2737 deitas
344 2681 375 2735 et
409 2677 584 2736 humanitas
620 2676 765 2736 uniuntur
801 2676 1009 2752 hypostatice,
1048 2679 1088 2737 ito
1118 2683 1151 2742 nt

59 2769 153 2825 neutra
176 2764 298 2824 amittat
319 2779 372 2838 per
393 2764 538 2822 unionem
561 2761 731 2822 naturalem
755 2763 976 2838 operationem,
1000 2769 1030 2824 et
1050 2770 1150 2824 tamen

10 2882 33 2921 ι
57 2847 187 2912 distincta
214 2851 254 2911 sit
282 2849 320 2910 ab
349 2864 387 2909 ea
415 2864 493 2922 quae
522 2866 585 2910 una
609 2864 714 2909 secum
737 2850 928 2925 coniungitur
950 2856 981 2909 et
1002 2852 1149 2910 consistit.

19 2990 31 3009 ,
58 2933 112 2997 rou
137 2935 286 3011 siquidem
315 2935 435 2995 divinae
466 2941 495 2994 et
524 2935 638 2995 efficaci
667 2936 808 3010 potestati
838 2951 916 2994 suae
938 2935 1061 2996 deitatis
1085 2952 1150 2995 ver-

57 3020 116 3082 tum
141 3025 334 3083 incarnatam
360 3022 480 3102 nexuit,
512 3038 565 3098 per
588 3021 820 3097 inseparabilem
844 3022 1006 3092 unionem,
1041 3023 1150 3084 huma-

10 3086 146 3171 'fnitatis
170 3124 246 3169 suae
267 3107 444 3184 passibilem
465 3107 684 3181 conditionem,
721 3107 811 3166 homo
836 3107 912 3167 dens
936 3108 1073 3167 existens
1095 3109 1152 3169 rni-

10 3198 30 3238 ἔ
56 3195 148 3255 recula
176 3196 333 3271 patrabat,
365 3195 394 3252 in
426 3209 518 3254 carne
548 3199 658 3254 natura
682 3210 738 3253 sua
759 3194 909 3268 passibili:
944 3210 1049 3253 rursus
1073 3194 1161 3255 deus·

10 3308 31 3345 a
56 3281 181 3342 existens
210 3280 301 3340 bomo
330 3285 457 3340 naturae
480 3282 642 3355 passiones
666 3281 803 3350 subibat,
834 3282 876 3339 ita
900 3286 1057 3358 tamenut
1079 3297 1151 3340 con-

10 3402 29 3446 .
56 3371 139 3428 umet
168 3383 223 3427 eas
254 3383 306 3442 per
334 3371 515 3442 potestatem
547 3367 681 3427 divinam
704 3366 787 3426 illum
812 3366 1060 3441 administrasse3
1090 3366 1151 3427 imo

10 3486 13 3505 ·
55 3455 145 3526 notius
172 3458 335 3526 utrumque
365 3454 514 3528 praestitit
537 3452 749 3533 θεανδρικῶς,
781 3452 985 3526 deusutique
1009 3452 1152 3512 simulet
1231 3512 1234 3517 .

10 3515 24 3548 ³
55 3535 135 3600 bomo
164 3542 238 3599 erat.
293 3538 348 3598 Per
376 3540 538 3613 passiones
563 3539 789 3614 nosmetipsos
814 3540 918 3613 nobis,
954 3530 1060 3613 quales
1084 3554 1152 3598 era·

20 3618 27 3650 ¹
56 3639 114 3686 mus
143 3624 288 3697 reddidit,
320 3640 373 3700 per
404 3625 549 3684 miracula
580 3641 644 3696 nos⁴
668 3626 726 3684 sibi
755 3624 895 3699 tradidit,
931 3626 957 3683 si
986 3625 1082 3682 simus
1112 3624 1151 3682 ad

10 3704 30 3777 b,
56 3711 114 3771 etus
135 3711 291 3787 exemplar
313 3703 506 3785 conformes,
530 3717 560 3770 et
582 3728 636 3785 per
658 3718 785 3785 utraque
808 3711 896 3770 [idern
920 3710 991 3768 iecit
1013 3709 1051 3768 de
1073 3711 1152 3769 veri—

10 3802 32 3860 d
57 3800 109 3858 aa
135 3794 240 3858 eornm
270 3812 309 3856 ex
332 3797 442 3871 quibus
465 3814 499 3856 se
522 3813 608 3869 esse,
640 3799 722 3856 etin
745 3798 855 3871 quibus
879 3801 909 3856 et
932 3810 1012 3870 quae
1034 3795 1152 3870 proies·

10 3920 29 3962 ,
58 3889 185 3945 tuaest:
216 3882 302 3943 solus
325 3888 408 3943 certe
428 3882 478 3943 ille
502 3900 592 3942 verus
617 3888 678 3956 est,
703 3888 732 3942 et
754 3882 866 3956 fidelis,
898 3887 928 3940 et
948 3880 978 3940 id
1002 3881 1082 3957 quod
1105 3886 1153 3941 est

10 2348 36 2609 ἓ

10 2620 36 2835 ‚l

12 4106 22 4115 .
60 4063 235 4131 Μέκαίνησε
256 4068 297 4120 ed.
319 4066 372 4120 Gal.
428 4067 470 4119 65.
491 4060 533 4116 aix
552 4082 600 4118 orn.
622 4067 663 4118 ed.
683 4066 738 4119 Gal.
792 4066 833 4118 tid.
853 4060 908 4115 κατ’
931 4058 1017 4116 αὐτὸν
1035 4067 1076 4121 ed.
1096 4068 1152 4123 Gal.

11 4107 31 4166 'l
60 4131 95 4188 tt.
110 4133 277 4204 σνμφύσεως
300 4136 342 4188 ed.
364 4136 417 4188 Gal.
477 4135 519 4189 68.
545 4135 584 4202 τῷ
610 4130 710 4203 σιδήρῳ
735 4136 776 4187 ed.
797 4134 851 4187 Gal.
915 4135 956 4188 69.
982 4131 1088 4203 τροπὴν
1109 4137 1151 4190 ed.

10 4212 32 4273 ,fi
62 4200 106 4256 bu.
174 4207 216 4260 70.
240 4205 274 4257 1⁸
292 4200 362 4272 πρὸς
386 4201 480 4271 ἕτερον
504 4205 545 4257 ed.
565 4203 623 4256 Gal.
694 4205 735 4256 71.
755 4199 808 4254 κᾶν
826 4205 883 4256 cod.
905 4205 969 4257 Gnd.
992 4213 1017 4256 et
1037 4207 1077 4258 ed.
1097 4205 1152 4258 Gal.

64 4269 97 4324 tt.
111 4268 163 4324 ztir
180 4275 221 4329 ed.
241 4223 296 4328 (fid.
356 4273 398 4328 73.
419 4273 503 4324 Verba
526 4270 596 4340 μήτε
612 4269 671 4338 μήν
689 4299 721 4308 -
741 4301 775 4310 -
796 4304 827 4312 -
845 4269 893 4336 τὴν
919 4269 1016 4325 ἕνωσιν
1040 4290 1090 4327 om.
1111 4274 1151 4326 ed.

27 4348 39 4425 3
66 4337 109 4394 bat.
159 4337 491 4411 incaementatum
512 4339 718 4410 dcaxaqurtqu
736 4344 777 4397 ed.
797 4342 851 4394 Gal.

928 4413 945 4472 3
