2752 4778
228 220 301 297 ιιο
323 318 332 337 ¹

224 396 425 479 θεότητος(
408 426 425 465 ο
456 400 552 484 λόγος
575 389 663 508 εὗρε,
693 423 746 462 και
769 399 871 482 χαράς
891 391 1053 461 όπόθεσιν
1049 392 1224 501 μεγάλης
1245 404 1331 463 ποιεί·

225 515 277 553 ται
307 485 360 565 τήν
388 487 527 594 εδρεσιν,
561 475 659 562 δίης
680 486 734 562 τῆς
755 489 849 559 θείας
870 481 1002 557 δεκάδος
1024 476 1083 560 τήν
1105 480 1293 566 ἐλλειψιν’
1275 506 1331 549 σιτ

225 572 404 658 πλήρωσεν
428 569 523 646 ὡςδὲ
542 568 613 636 υἱόν
632 573 830 679 νεκρωθέντα
849 595 884 660 τη
872 565 1046 678 ἁμαρτίᾳ
1066 573 1124 633 κοιλ
1142 565 1332 654 άπολόμιιιι
1375 577 1376 585 ’

226 663 263 750 τῇ
289 663 363 761 περὶ
392 656 447 724 τόν
475 657 555 723 θεόν
560 654 724 763 άγνωσίρ
754 651 797 731 ὥς
825 653 927 739 πατήρ
956 650 1087 738 όγαθδς
1109 652 1331 762 ἐπιστρέφοιω

225 741 423 828 προςήκατο,
456 771 510 809 και
539 747 591 823 τῆς
613 746 772 849 προτέρας
793 737 886 816 άξίας
907 740 1075 819 ἐπιτίθησι
1099 738 1207 807 πάλιν
1228 739 1331 807 άνελλι·
1369 750 1375 767 '

225 834 294 905 πιός
321 830 358 894 τό
388 837 608 936 γνωρίσματα,
635 833 690 893 καὶ
713 826 749 892 τό
773 824 809 906 δή
831 830 984 934 μέγιστον
1003 824 1135 890 πάντων
1160 832 1219 892 καὶ
1239 848 1332 937 μιοτι·

226 914 382 992 κάτατον,
419 914 476 982 τόν
501 915 628 1019 μόσχον
655 912 729 978 θόει
759 911 815 978 τόν
844 910 1002 990 σιτευτόν,
1039 911 1129 988 όςτις
1156 917 1242 979 ποτε
1269 904 1332 993 ήτέ

226 1002 353 1111 μόσχος
382 995 474 1079 οὗτος
502 1008 556 1068 καὶ
585 993 602 1079 5
631 998 744 1065 τοότου
760 998 953 1106 παράδοξος
974 1003 1077 1063 θυσία
1108 991 1222 1083 (οἶμαι
1244 998 1333 1064 δέότι

228 1085 246 1154 5
270 1085 446 1172 όκρότατός
468 1088 535 1154 ἐστι
557 1090 615 1151 τοῦ
636 1084 715 1151 κατὰ
736 1083 790 1163 τήν
811 1092 908 1150 θείαν
930 1090 983 1150 καὶ
1014 1079 1161 1187 δίρρητον
1188 1083 1334 1195 πρόνοιαν

226 1170 436 1280 άπερινοήτου
458 1180 511 1239 καὶ
534 1170 697 1283 55555505
720 1169 841 1256 τρόπον
865 1169 1085 1255 κρυφιυέτατός
1107 1194 1142 1235 τε
1167 1177 1225 1236 καὶ
1249 1168 1334 1275 άγιτι·

226 1260 381 1335 στότατος
407 1260 518 1344 λόγος,
551 1286 605 1324 και
634 1255 650 1337 5
675 1257 788 1322 τούτου
800 1257 995 1369 θεοπρεπής
1016 1266 1087 1332 τοϊς
1109 1247 1191 1322 οάσι
1213 1257 1334 1365 μετάδτ·

227 1352 307 1428 σις),
343 1372 396 1411 και
424 1350 526 1431 χαράς
544 1341 693 1452 α’ρρήτου
722 1354 865 1409 ποιείται
893 1341 1070 1451 κεφάλαιον
1101 1346 1162 1407 τοῦ
1193 1345 1269 1410 υἱοῦ
1293 1340 1335 1423 τήν
1361 1303 1376 1401 λ

227 1431 401 1510 ἐπάνοδον,
443 1430 657 1516 πληρώσασαν
695 1434 905 1540 μεγαλοφυῶς
938 1433 1000 1494 τάν
1033 1427 1111 1493 υἱῶν
1145 1427 1208 1508 τήν
1239 1429 1336 1511 δυάδι,

228 1519 294 1598 ήτις
322 1522 402 1583 ποτέ
429 1518 515 1584 ἐστιν
537 1518 629 1597 αὕτη,
663 1522 716 1581 καὶ
739 1512 756 1594 5
780 1515 843 1600 πρό
867 1513 961 1594 αότής
982 1513 1075 1591 δεκάς
1097 1518 1165 1579 ταῖν
1188 1519 1252 1603 δρα

227 1609 280 1669 καὶ
310 1599 327 1681 5
357 1603 421 1715 πρό
450 1604 567 1684 ἐκείνης
594 1606 655 1668 τάν
684 1601 895 1710 προβάτων
883 1605 1059 1677 εκατοντάς.
1116 1606 1207 1684 Περὶ
1230 1540 1337 1668 «5⁵55

226 1693 345 1773 λέγειν,
373 1691 401 1754 εί
425 1694 528 1772 δοκεῖ,
557 1694 820 1798 παραλείψωμεν,
843 1685 1066 1796 εὐκαιρότερον
1088 1686 1123 1752 ἐν
1146 1685 1265 1766 όίλλοις
1281 1684 1336 1773 μετ’

228 1776 382 1860 ἐμμελοῦς
404 1776 589 1883 ἐξεργασίας
611 1771 667 1839 τόν
690 1771 738 1857 ἐφ’
759 1773 881 1860 ἑκάστῳ
904 1771 1069 1884 άριθμῷ’
1078 1779 1248 1857 μυστικαῖς
1268 1778 1338 1841 θεοί

228 1861 374 1938 διδόντος
402 1862 619 1970 συνεψόμενοι
649 1858 755 1943 λόγον.
816 1861 858 1923 Εἰ
888 1867 994 1924 τοίνυν
1022 1855 1064 1935 ὡς
1072 1864 1155 1967 μὲν
1184 1861 1337 1971 πρόβατον

229 1943 247 2013 5
279 1946 378 2024 καλός
410 1947 530 2032 ποιμήν
558 1958 626 2023 τοῖς
654 1944 755 2028 όίμοις
783 1946 910 2022 ἐπιθεὶς
937 1943 1018 2031 πρός
1047 1944 1085 2010 τά
1115 1946 1267 2033 σάυνομα
1293 1945 1338 2013 τόν

227 2032 404 2142 όίνθρωπον
433 2033 624 2117 ἐπανήγαγε,
656 2038 709 2097 καὶ
739 2029 781 2107 ὡς
808 2030 951 2141 δραχμήν
980 2032 1034 2096 διδ
1065 2037 1119 2110 τῆς
1141 2034 1274 2110 είκόνος
1294 2032 1339 2115 τήν

227 2119 448 2203 βασιλικήν
434 2118 610 2186 εκτόιιωσιυ
646 2118 759 2223 ἔχοντα
798 2116 852 2184 τὸν
880 2117 1054 2203 ἄνθρωπον
1082 2115 1126 2194 ὥς
1156 2128 1266 2233 σοφία
1293 2146 1339 2189 τοι

228 2211 310 2273 θεοί
341 2212 394 2273 καὶ
425 2206 545 2314 πατρὸς
574 2232 627 2271 και
658 2204 814 2311 δυ’ναμις
818 2203 870 2268 διά
902 2208 954 2283 τής
984 2203 1181 2289 σαρκιόσεως
1210 2198 1338 2315 εδρεκό
1375 2234 1376 2303 γ

228 2291 339 2402 κόριος
368 2300 421 2357 καὶ
453 2290 574 2379 σωτήρ,
610 2295 664 2356 καὶ
693 2286 735 2365 άις
764 2287 835 2353 υἱόν
863 2290 1105 2400 ἐπιστρέφοντα
1120 2288 1339 2403 προςήκατοό

228 2375 354 2463 ἀγαθός
382 2384 436 2444 καὶ
464 2383 702 2486 πανοικτίρμων
725 2373 845 2459 πατήρ,
872 2403 926 2441 και
948 2388 1016 2452 ταῖς
1038 2403 1098 2442 κατ
1128 2376 1290 2491 οόρανόν
1294 2382 1339 2445 δι·

230 2464 345 2574 νάμεσι
369 2461 613 2569 σνναριθμήσας
635 2463 852 2570 ἐγκατέταξεν,
874 2461 1008 2528 ἑκάστου
1028 2466 1090 2527 τῶν
1110 2463 1145 2529 ἐν
1163 2476 1237 2543 τοῖς
1252 2462 1337 2533 οδ·

230 2562 298 2628 τοῖς
326 2547 471 2636 άριθμοό
499 2549 672 2658 πληρώσας
698 2546 751 2627 τήν
780 2548 923 2632 ἔλλειψιν
946 2549 998 2613 διά
1024 2553 1080 2615 τοῦ
1103 2555 1274 2631 σωθέντος
1292 2578 1338 2617 ατ·

230 2637 383 2743 θρόπου,
406 2632 542 2717 δῆλον(
519 2661 561 2711 ως
578 2635 633 2701 τόν
650 2632 715 2698 όνω
734 2633 858 2718 κόσμον
873 2633 1039 2744 ἐπλήρωσε
1055 2635 1243 2722 Χριστός
1226 2665 1244 2705 ο
1262 2637 1335 2717 θεός,

230 2721 284 2804 τήν
305 2721 431 2788 πάντων
453 2721 521 2788 ἐν(
508 2725 609 2810 εαυτῴ
631 2724 822 2806 θεοπρεπῶς
845 2717 1061 2809 αίτουργήσας
1083 2731 1261 2809 σωτηρίαν.

221 2865 331 2957 ’Ἀλλη
354 2857 552 2958 θεωρία
523 2889 573 2943 εις
594 2859 636 2933 τό
661 2861 764 2933 αὐτό.

338 2998 404 3060 Καὶ
432 2993 533 3072 άλλως
562 2999 613 3074 δὲ,
643 2995 671 3060 εί
701 3000 805 3079 δοκεῖ,
834 2998 1066 3109 θεωρήσωμεν
1073 2997 1112 3064 τό
1136 3005 1335 3087 προκείμενον

69 3080 368 3167 οιττῖ11ι..όίπορον.
425 3086 531 3148 Φασιν
562 3081 597 3146 οί
623 3086 684 3146 τῶν
702 3081 750 3170 Ι”
730 3109 830 3149 οντων
852 3082 906 3164 τήν
915 3084 1025 3189 φάσιν
1047 3082 1193 3195 όκριβόίς
1214 3082 1334 3169 διαθρή·

233 3193 343 3244 σαντες
364 3167 464 3252 νόμον
486 3162 568 3233 εἶναι
564 3167 716 3278 Ηφύσεως
737 3168 869 3248 ἑκάστης
891 3169 946 3250 τήν
967 3175 1023 3236 τοῦ
1045 3168 1184 3239 καθ’όν
1205 3171 1332 3240 ἐστικαὶ

231 3259 391 3362 γεγένηται
424 3253 521 3338 λόγου
554 3250 689 3362 άρρεπή
709 3261 762 3320 καὶ
796 3253 1013 3323 ἀναλλοίωτον
1040 3258 1331 3343 μονιμότητσ,“ττι

231 3339 377 3417 καλῶς’
362 3337 401 3405 όν
430 3340 514 3425 ἔχειν
543 3341 624 3405 οὕτω
655 3339 711 3405 τόν
740 3341 833 3451 όρον
849 3347 907 3407 τοῦ
934 3342 1035 3428 νόμον
1057 3348 1111 3423 τῆς
1131 3344 1278 3430 φάσεως,
1300 3336 1333 3419 (ἐς
1373 3349 1376 3395 ¹

233 3420 342 3510 οἶμαι,
374 3431 437 3502 πᾶς
464 3426 562 3537 λόγου
589 3425 833 3535 μετειληφάς’
814 3428 938 3494 ακοόων
966 3427 1173 3510 συνθήσεται
1242 3428 1332 3495 Είδέ

231 3517 325 3579 τοῦτο
320 3511 435 3578 ’ἐστιν
457 3509 588 3592 άληθὲς,
612 3510 802 3592 δηλονότι
783 3539 801 3578 ο
824 3514 923 3620 νόμος
943 3520 995 3594 τής
1013 3514 1139 3618 φάσεως
1158 3514 1234 3596 ἐξ’
1212 3514 1331 3629 ατάγτξξ
1372 3539 1374 3563 ι

230 3599 347 3708 άίςπερ
356 3596 410 3664 τόν
432 3598 530 3682 λόγον
550 3595 760 3705 ἀπαράβατον
783 3601 990 3684 φυλάττει
953 3628 1006 3682 της
1024 3601 1169 3713 φάσεως,
1194 3605 1274 3669 οότω
1287 3602 1330 3671 τά

230 3684 285 3750 τόν
308 3681 401 3763 αότής
423 3684 501 3749 κατὰ
526 3682 580 3763 τήν
598 3688 692 3749 θέσιν
709 3684 832 3761 πάντως
850 3691 995 3771 διατηρεῖ
1010 3686 1113 3753 τόπον
1131 3686 1329 3801 άμετάθετοι

225 3768 311 3837 Ἀλλ’
342 3767 358 3836 5
383 3767 471 3859 νόμω
493 3776 547 3835 καὶ
570 3767 655 3858 λόγῳ
678 3779 731 3836 καὶ
754 3769 848 3856 φύσει
871 3779 979 3882 σοφαῖς
1002 3778 1152 3880 διορίσας
1175 3772 1254 3843 καθ
1273 3772 1330 3841 ἐττ-
1372 3799 1376 3825 ³

230 3882 306 3923 στον
328 3850 468 3932 ειδος
436 3883 491 3940 την
513 3860 574 3922 τῶν
596 3835 732 3922 όντωλε
718 3857 912 3937 νπόστασιν,
943 3856 1022 3942 όπὲρ
1045 3858 1145 3968 φάσιν
1169 3868 1227 3928 και
1249 3857 1329 3963 νόμον
1373 3884 1376 3911 '-

229 3949 283 4008 καὶ
316 3947 391 4007 νοόν
419 3948 472 4007 καὶ
500 3942 599 4049 λόγον
628 3949 681 4008 καὶ
711 3942 813 4009 τόπον
840 3952 893 4009 καὶ
922 3953 1045 4026 κίνησιν
1074 3941 1161 4034 όπάρ
1186 3974 1329 4059 ιηγ,
1276 3934 1329 4012 κατ’
1373 3971 1375 3991 ·

230 4024 322 4092 οόδὲν
350 4033 410 4095 τοῖν
439 4026 518 4092 κατά
547 4027 644 4133 φάσιν
671 4029 794 4137 ἐνεργεῖ
821 4041 886 4106 τοῖς
914 4027 976 4097 όιτό
1001 4030 1114 4140 φάσιν,
1150 4040 1215 4100 αλλ
1243 4032 1329 4117 ἑστιᾷ
1373 4058 1375 4082 ι

229 4119 398 4216 προςφυιῦς
425 4110 503 4199 ὑπὲρ
533 4113 645 4220 φάσιν
654 4115 691 4179 τοὶ
717 4114 796 4181 κατά
819 4115 1001 4201 φύσιντῶν
1023 4114 1084 4184 δπό
1102 4119 1212 4227 φάσιν
1231 4140 1328 4223 μετερ·

228 4197 365 4284 χόμενος
386 4204 447 4311 δρά
469 4226 501 4266 τε
523 4206 577 4266 καὶ
599 4200 731 4287 πάσχει,
764 4199 887 4285 άμφοῖν
909 4203 1110 4288 φυλάττων
1096 4230 1202 4273 εαντω
1224 4231 1257 4273 τε
1276 4228 1326 4271 ιιι·
1371 4212 1374 4263 Ι

229 4309 340 4393 σγοντι
369 4292 422 4350 καὶ
447 4297 515 4362 τοίς
537 4291 711 4396 δρωμένοις
730 4288 921 4374 παραδόξως
943 4289 1021 4357 κατά
1045 4290 1149 4402 φάσιν
1168 4271 1326 4382 όκραιγτέί

228 4369 264 4436 τό
294 4366 502 4454 ἀμετάβολον.
565 4373 653 4437 Οίίτω
682 4401 714 4439 τε
743 4375 825 4440 κάτω
853 4375 936 4461 πρός
963 4372 1044 4462 ήμάς
1071 4374 1171 4455 αότός
1198 4382 1323 4458 κινηθείς
