2752 4778
1189 176 1238 253 it

122 364 404 442 omnlquccorupa
427 364 478 439 qui
500 363 541 425 ati
564 367 722 440 peccatum
746 364 893 440 instigant
915 362 1100 424 conturuaiia
1121 363 1238 440 liberat,

122 449 340 521 minuentem
361 450 506 526 temporis
528 464 691 525 rerumque
713 448 898 521 instabilium
922 452 1062 509 naturam
1085 448 1123 509 ad
1139 450 1240 523 mcor·
1284 525 1288 530 ,

122 536 281 612 porallnrn
302 541 418 597 statum
439 537 552 606 traicit,
580 535 716 596 humeris
739 535 880 595 viriatum
903 533 1054 597 sublatam
1082 539 1164 595 tanet
1188 550 1240 595 co-

122 623 299 700 gnitionem
318 621 487 693 divinarum
510 622 721 697 mysteriorum
745 636 898 696 capacem.

121 766 401 909 Contemplatio
423 767 697 899 Hierichuntis,
741 819 778 882 et
804 817 945 908 septem
970 808 1238 900 circuitionum,

175 924 218 989 et
243 937 366 1005 arcae,
393 922 431 987 et
454 911 646 1002 tubarum,
675 922 711 985 et
736 911 988 989 anathematis.
1199 940 1203 947 ·

234 1064 287 1126 Sic
316 1074 425 1127 rursus
453 1067 680 1127 circuitionibus
711 1073 826 1142 septem
856 1065 1042 1139 totidemque
1066 1065 1145 1126 tubis
1169 1081 1239 1127 oum
1295 1091 1317 1133 ς

121 1153 261 1228 mystico
289 1151 421 1212 clannore
449 1153 554 1213 urbem
584 1152 734 1212 difficilem
763 1156 955 1229 expugnatu,
980 1156 1048 1211 ‘ant
1075 1151 1164 1211 etiarn
1194 1153 1240 1211 in·

121 1237 365 1316 expugnabilem
401 1239 516 1313 visorn,
554 1237 778 1299 Hierichuntem
811 1238 989 1298 concutiens
1024 1236 1154 1297 eundem
1184 1236 1239 1296 Dei

121 1323 236 1400 Logan
267 1324 392 1399 mystice
415 1325 535 1400 aperuit
556 1329 589 1383 ut
612 1322 754 1383 uictorem
777 1323 882 1383 mundi
905 1327 937 1383 et
958 1324 1025 1382 aevi
1048 1337 1240 1382 consumma-

121 1414 243 1487 torem,
267 1408 368 1469 mente
391 1411 576 1483 citatione,
608 1410 674 1469 sive
696 1410 868 1487 cognitione
890 1414 921 1468 et
942 1409 1058 1467 virtute.
1104 1407 1238 1481 Quarum

121 1510 201 1555 arca
237 1498 268 1554 et
296 1496 389 1555 tubae
419 1501 506 1555 eraut
535 1496 613 1572 typi,
637 1510 703 1555 ¹eos
735 1497 786 1570 qui
816 1494 900 1555 iilum
931 1498 1100 1570 sequnntur
1128 1509 1238 1554 aevum

121 1579 275 1657 sensibile
302 1579 391 1640 facilc
421 1596 491 1642 esse
520 1580 560 1640 ad
591 1581 830 1658 expugnantium
862 1580 1006 1655 nullaque
1035 1581 1157 1658 negotio
1186 1597 1240 1641 su-

121 1665 266 1742 perabile
286 1664 449 1737 docentes,
480 1673 509 1727 et
532 1665 605 1725 nihii
628 1666 667 1728 de
688 1668 772 1740 eius,
803 1681 863 1740 quo
885 1666 1038 1741 fruantur,
1069 1665 1239 1727 divinornm

121 1754 279 1812 bonorum
309 1758 463 1813 amatores
494 1752 648 1829 indigere,
683 1755 754 1828 quia
784 1769 852 1812 curn
884 1757 980 1813 morte
1002 1757 1095 1826 atque
1117 1753 1240 1812 interitu

121 1838 165 1899 sit
202 1838 399 1899 coniunctum
435 1844 464 1898 et
497 1838 617 1898 (livinae
645 1839 709 1898 inae
739 1838 820 1898 illex.
889 1838 977 1911 Quod
1006 1839 1097 1898 etiam
1128 1838 1244 1912 Achai,-

121 1920 217 1985 tilins‘
231 1922 369 1996 charmi,
403 1939 483 1998 quae
512 1916 561 1984 est
589 1924 762 1984 turbulenta
785 1929 877 1999 atque
900 1925 1044 1984 materiae
1067 1940 1177 1985 amans
1200 1922 1238 1983 rie

121 2009 319 2073 sensibilium
350 2010 452 2084 aliquo
482 2009 709 2070 intromittendo
732 2010 891 2091 cogitatio,
925 2008 1132 2071 miserandam
1156 2009 1237 2071 illam

122 2094 165 2163 (le
189 2088 293 2156 dimna
315 2096 467 2156 sententia
491 2103 617 2155 montom
641 2111 773 2171 passas,
796 2095 1001 2169 demonstrat,
1025 2096 1112 2155 cuius
1130 2111 1237 2172 opera-

124 2182 186 2242 trix
216 2181 293 2242 ratio
322 2185 385 2256 est,
416 2181 566 2263 profundo
589 2183 795 2242 conscientiae
818 2180 918 2251 anniae
940 2180 1065 2258 dignum
1089 2180 1141 2239 tali
1165 2197 1237 2258 sup-

124 2267 216 2344 plicio
240 2264 403 2329 suffocans.
1049 2276 1053 2283 '

124 2448 406 2576 Contemplatio
425 2451 513 2552 Tyri
548 2426 700 2552 eiuscyue
735 2453 848 2551 regia,
885 2460 923 2525 et
951 2418 1237 2552 ¹expugnationis

139 2606 160 2629 -.
179 2579 270 2630 erus.

133 2722 137 2729 -
179 2708 185 2713 ·
234 2686 608 2750 Sicrursussecnndnm
632 2687 711 2762 quod
736 2688 969 2763 scriptumest,
1001 2687 1167 2765 ,Tempore
1185 2689 1237 2751 illo

126 2776 220 2850 capta
247 2773 361 2848 Assar,
390 2780 422 2834 ei
449 2790 522 2852 rege
550 2775 617 2834 eius
646 2773 746 2851 gladio
776 2773 949 2849 interiecto,
984 2779 1015 2834 ct
1044 2776 1125 2835 omui
1146 2776 1177 2834 in
1200 2791 1238 2837 ea

126 2861 197 2919 vivo
233 2857 349 2931 deleto,
385 2875 463 2934 quae
498 2865 590 2921 antea
626 2861 838 2919 universarum
866 2861 1024 2936 regionam
1053 2860 1236 2921 dorninntrlx

126 2949 222 3021 erat‘,
251 2945 541 3030 demonstrabantur
562 2946 706 3022 mysteria
729 2959 857 3020 quorum
879 2949 971 3021 typus
993 2945 1045 3005 illa
1068 2948 1125 3005 sibi
1146 2948 1236 3007 uerba

127 3030 314 3108 protulerat,
348 3033 487 3094 nimirum
520 3047 625 3093 verum
653 3037 790 3092 nostrum
813 3029 1001 3091 Salvatorem
1030 3030 1131 3093 lesum
1154 3033 1237 3092 Obri-

126 3124 229 3195 stum,
262 3117 315 3179 liei
336 3115 457 3194 lilium,
487 3117 636 3180 malarum
664 3121 850 3199 potestatum
880 3122 1138 3194 expugnatorem,
1166 3134 1237 3196 grn-

126 3204 188 3265 iine
224 3204 406 3283 dignitatum
427 3204 689 3281 ·dispensatorem
730 3219 806 3263 sane
845 3203 1063 3264 incarnationis
1102 3209 1237 3279 tempore

126 3294 288 3367 peccatum
316 3291 444 3367 eiusque
472 3307 578 3369 regem
606 3289 761 3350 diabolum
792 3290 943 3366 (regnavit
968 3290 1048 3348 enim
1071 3293 1162 3350 antea
1184 3305 1237 3349 su-

126 3391 182 3453 per
203 3392 313 3437 omnes
336 3378 507 3453 peccatum)
536 3392 590 3453 per
619 3391 741 3435 crucem
772 3376 924 3434 invasisse
955 3378 986 3434 et
1012 3374 1130 3435 virtutis
1160 3389 1238 3435 suae

125 3461 223 3523 verbo
252 3462 457 3537 interfecisse,
492 3477 643 3538 omneque
674 3462 774 3522 mvum
802 3461 971 3536 delevisse,
1005 3459 1065 3521 boc
1079 3464 1141 3525 „esi
1163 3476 1237 3537 pas·

127 3549 235 3633 sinnas
265 3563 344 3622 quoe
371 3550 402 3608 in
434 3549 522 3608 nobis
552 3552 638 3622 sunt,
669 3554 701 3609 et
729 3562 807 3623 quae
831 3564 899 3607 curn
922 3548 958 3607 iis
981 3547 1143 3607 coniuncta
1165 3552 1238 3608 sunt

126 3634 231 3709 turpia
259 3639 290 3694 et
319 3634 400 3697 mala
428 3635 579 3712 cogitatu,
617 3650 654 3693 ne
683 3628 748 3694 ullo
774 3635 900 3694 omnino
931 3630 1021 3694 ruodo
1049 3634 1080 3693 in
1112 3634 1157 3693 eis
1186 3632 1236 3707 qui

126 3718 237 3779 christi
268 3735 378 3781 nornen
406 3720 583 3796 profitentur
606 3726 636 3781 et
657 3720 686 3778 in
709 3736 746 3779 ec
769 3720 874 3779 vivunt
898 3717 1115 3794 peccatumde
1137 3722 1238 3777 cetero

127 3804 166 3865 ati
187 3806 289 3867 instar
312 3807 370 3865 vivi
392 3805 520 3867 alicnus
542 3807 657 3866 inoveri
680 3822 716 3865 nc
739 3806 839 3865 msere
860 3804 996 3865 baberet.

127 3991 399 4093 Contemplatio
423 3995 464 4068 in
481 3992 608 4084 illud,
641 3988 757 4084 ,Oceli
784 3998 954 4103 ennmant
972 3989 1135 4088 gloriani·
1154 3960 1237 4065 dei‘

154 4124 182 4219 ,⁵
235 4144 287 4207 Sic
316 4143 429 4219 David,
469 4150 570 4206 uetate
598 4144 657 4204 illis
687 4145 801 4217 minor,
844 4144 951 4219 spiritu
981 4157 1052 4202 vero
1088 4143 1237 4219 aequalis,

128 4239 163 4294 nt
188 4230 325 4306 ludices,
359 4244 545 4308 quamquam
579 4230 729 4306 permulta
761 4231 791 4289 in
827 4229 885 4290 vita
918 4227 1054 4289 babeant
1082 4231 1237 4307 mysteria,

130 4316 384 4394 praetermittam,
419 4315 546 4377 audiens
572 4316 673 4379 caelos
696 4332 820 4376 narnnre
843 4315 971 4403 giarium
995 4315 1060 4461 ᾱξὶ,
1088 4320 1117 4375 at
1140 4315 1238 4377 incin-
