2752 4778
1081 206 1158 285 tic

45 391 136 452 nullu
166 406 200 450 re
228 393 267 452 ab
295 406 331 450 eo
359 382 481 466 quoquo
511 390 541 450 id
569 373 659 450 modo
688 390 772 450 lieret
800 404 907 453 recens
930 394 1106 471 excogitata
1126 399 1158 455 et

44 478 244 538 existentiam
268 477 464 538 essentialem
487 477 664 551 accipiente.
708 475 812 552 Neque
838 479 919 539 enim
941 481 1157 540 existimo'eoa

44 565 101 639 qui
128 563 179 638 pie
207 580 244 623 ac
274 562 416 640 religiose
447 561 728 623 sentiunt-debere
751 561 841 623 deum
870 568 979 640 putare
1003 580 1081 640 quae
1102 583 1157 642 per

43 650 328 726 praecognitionem
356 648 473 708 infinita
501 650 611 707 virtute
641 648 671 705 in
692 663 736 716 Ιεε
762 648 829 723 ipso
858 650 1028 710 secundum
1051 666 1156 712 eorum

43 736 184 794 rationes
212 729 515 820 praecontineotur,¹
533 749 570 793 ea
599 732 722 809 singula
752 749 938 811 cognoscere
968 753 1022 811 per
1043 737 1158 812 produ-

43 821 180 880 ctionem
202 820 233 878 in
257 820 459 880 existentiam.
518 819 556 879 At
578 820 666 878 nobis
688 819 813 879 saecula
835 825 866 880 et
888 825 1025 896 tempora
1047 838 1157 883 secun·

43 905 122 966 dum
152 905 341 981 praefinitum
372 909 636 980 opportunumque
658 905 804 978 cuiusque
827 907 869 966 rei
890 911 1011 982 tempus
1034 910 1159 984 sapien-

43 998 95 1051 ter
118 989 269 1066 quaelibet
290 991 353 1051 lieri
376 990 555 1065 ostendunt,
580 995 610 1050 et
631 989 670 1050 ad
694 991 888 1050 existentiam
912 992 1054 1066 provebi:
1081 996 1159 1054 sicut

44 1078 140 1138 etiam
169 1075 207 1135 de
237 1075 308 1135 Levi
338 1076 409 1136 dicit
439 1076 560 1135 divinas
589 1076 762 1151 apostolus,
803 1077 862 1136 boc
891 1077 980 1138 modo
1010 1079 1156 1154 loquens:

44 1160 175 1236 ,Adbuc
197 1163 277 1220 enim
299 1163 331 1220 in
353 1162 456 1221 lumbo
479 1161 572 1236 patris
597 1166 678 1221 erat‘
708 1167 872 1237 antequam
894 1165 1046 1224 existeret.
1100 1165 1158 1238 Qui

44 1247 186 1324 potentia
225 1247 347 1322 quidem
386 1249 416 1306 in
457 1243 630 1322 patriarcha
666 1247 842 1308 Abrahamo
883 1250 1033 1320 existens,
1073 1253 1158 1311 iuxta

44 1334 240 1410 praefinitum
272 1350 343 1393 vero
371 1339 492 1407 tempus
521 1348 575 1408 per
604 1334 831 1407 conceptionem
855 1333 894 1394 de
916 1333 1025 1396 effectu
1048 1342 1158 1396 nactus

43 1420 277 1498 generationem
304 1421 336 1477 in
365 1419 577 1493 existentiam,
608 1420 688 1478 serie
711 1426 741 1479 et
763 1419 868 1478 ordine
890 1422 1006 1494 omnia,
1037 1423 1165 1496 praein··

43 1505 167 1566 tellecta
190 1508 281 1579 atque
304 1498 502 1582 praecognito
525 1508 678 1580 tempore,
712 1504 881 1565 secundum
904 1505 1085 1567 ineffabilem
1110 1508 1158 1569 dei

43 1591 231 1667 sapientiam
251 1592 399 1666 accipere
428 1591 607 1650 existentiae
637 1589 842 1650 conditionem
864 1597 898 1651 ut
921 1608 977 1652 nos
999 1593 1158 1671 intellege.-

44 1693 152 1738 remus
175 1681 205 1736 et
228 1676 422 1736 crederemus
445 1677 608 1751 persuasit.
654 1674 796 1735 Omnium
818 1672 910 1755 igitur
927 1694 1028 1738 rerum
1047 1694 1159 1739 secun-

43 1765 122 1824 dum
145 1763 311 1822 essentiam
335 1762 576 1822 substantialiter
592 1761 787 1823 existentium
807 1766 837 1822 et
855 1765 1069 1839 extiturarnm,
1093 1767 1158 1825 sive

44 1854 189 1910 natarum
219 1849 284 1908 sive
314 1849 554 1918 nasciturorum,
588 1849 652 1906 sive
682 1849 893 1923 apparentium
916 1850 981 1911 sive
1003 1853 1159 1927 apparitu-

42 1950 168 2009 rarum,
191 1935 220 1992 in
240 1933 298 1993 deo
317 1935 528 2009 praeexistunt
551 1932 698 1992 stabiliter
720 1935 868 2007 rationes,
893 1934 1063 1995 secundum
1081 1951 1158 2010 quas

44 2025 78 2082 et
106 2025 181 2079 sunt
208 2021 310 2079 omnia
337 2025 367 2079 et
397 2020 518 2079 fuerunt
547 2023 577 2077 et
605 2022 731 2078 manent
758 2035 880 2093 semper
902 2022 966 2080 suis
989 2022 1158 2083 secundum
1196 2034 1200 2041 ·

43 2105 216 2168 voluntatis
242 2107 430 2181 propositum
462 2104 646 2176 rationibus,
679 2120 733 2180 per
762 2104 930 2164 naturalem
960 2111 1075 2167 motum
1104 2123 1158 2185 ap·

43 2193 281 2270 propinquantia
316 2195 346 2251 et
379 2191 418 2250 ad
448 2189 642 2250 existentiam
671 2190 769 2266 magis
800 2195 951 2266 coartata,
987 2192 1158 2253 secundum

45 2277 293 2355 qualemcunque
317 2283 347 2336 et
369 2275 819 2350 quantamcunque'voluntatis
842 2280 955 2335 motum
978 2282 1070 2352 atque
1093 2295 1159 2338 rno-

43 2368 202 2434 meutum,
237 2363 417 2438 accipientia
452 2363 531 2423 bene
560 2377 631 2422 esse
659 2377 714 2436 per
741 2362 882 2422 virtutem
911 2366 1088 2437 rectumque
1116 2365 1157 2425 ad
1199 2365 1201 2368 ⁴

45 2451 197 2511 rationem
225 2464 285 2525 qua
312 2453 441 2509 utuntur
467 2450 541 2520 iter,
572 2448 620 2507 vel
650 2447 730 2506 male
751 2456 830 2507 'esse
852 2453 976 2523 propter
997 2450 1104 2510 vitium
1126 2454 1157 2510 et

43 2540 162 2596 motum
192 2535 219 2594 ei
247 2549 316 2609 qua.
337 2539 464 2594 utuntur
491 2534 610 2593 ratione
634 2534 841 2605 contrarium,
861 2538 891 2593 et
920 2541 955 2594 ut
982 2537 1090 2610 paucis
1112 2535 1157 2595 di·

43 2638 131 2696 cam,
162 2620 332 2681 secundum
355 2619 492 2680 habitum
515 2618 562 2678 rel
584 2620 785 2694 privationem
808 2634 884 2679 snae
906 2621 991 2679 iuxta
1014 2629 1156 2683 naturam

43 2706 274 2791 perticipatirae
306 2706 423 2766 vinctis
455 2707 521 2765 eius
551 2706 601 2779 qui
630 2705 721 2780 plane
747 2706 1005 2781 imparticipabilis
1034 2712 1082 2767 εει
1107 2722 1157 2767 se-

42 2792 180 2854 cundum
209 2798 367 2866 naturam,
401 2797 433 2852 ει
454 2791 651 2851 nibilominus
674 2791 792 2852 cunctis
814 2807 852 2850 ex
874 2806 974 2866 aequo
997 2809 1032 2852 se
1055 2793 1157 2870 ipsum

43 2877 108 2941 ta'm
135 2878 237 2953 dignis
261 2890 352 2951 quarn
374 2877 509 2954 indignis
530 2876 683 2954 integrum
705 2877 874 2937 secundum
897 2879 1027 2955 gratiam
1051 2895 1090 2939 ex
1110 2881 1157 2939 in·

42 2965 131 3025 linita
160 2964 295 3036 bonitate
315 2961 462 3036 exbibet,
492 2963 785 3038 perpetuitatemque
813 2964 993 3024 existentiae
1015 2965 1156 3041 inopera-

42 3056 109 3120 tur,
138 3053 228 3125 proni
256 3047 385 3124 quisque
414 3065 433 3108 a
462 3064 496 3107 se
525 3047 592 3122 ipso
620 3047 749 3107 afficitur
777 3054 807 3107 et
830 3052 887 3107 est.
940 3048 1055 3120 Quibus
1079 3066 1156 3110 sane

41 3150 118 3196 vere
139 3130 316 3208 existentis,
346 3140 377 3195 et
399 3135 479 3203 bene
500 3133 674 3208 existentis,
691 3138 735 3192 -et
756 3148 877 3208 semper
899 3134 1059 3194 existentis
1082 3152 1157 3196 con-

41 3226 196 3285 sentanea
226 3219 414 3296 participatio
444 3218 494 3278 vel
515 3219 822 3294 uon-participatio,
856 3234 963 3278 eornm
986 3220 1037 3292 qui
1059 3221 1155 3294 parti·

41 3309 147 3384 clpare
175 3298 237 3373 uon
266 3310 398 3381 possunt
422 3312 470 3365 est
492 3318 611 3379 poenae
634 3309 664 3364 et
684 3321 791 3364 eornm
815 3303 865 3378 qui
887 3310 1017 3378 possunt
1038 3305 1157 3366 inritio·

40 3394 91 3454 nis
120 3392 252 3452 intensio
281 3396 328 3451 est
356 3396 387 3451 et
407 3391 636 3451 incrementum.
690 3389 819 3450 Omnino
843 3391 924 3449 enim
947 3401 1052 3450 eorum
1076 3394 1156 3466 quae

40 3479 182 3540 existunt
216 3477 333 3539 nullum
369 3483 454 3537 extat
483 3477 571 3537 cuius
599 3477 681 3553 apud
711 3476 801 3536 deum
830 3490 958 3552 prorsus
986 3477 1062 3536 ratio
1092 3495 1153 3538 non

40 3565 240 3642 praeexistat.
298 3563 432 3636 Quorum
455 3577 527 3622 vero
550 3563 632 3637 apud
656 3563 747 3622 deum
769 3563 979 3637 praeexistunt
1001 3565 1154 3624 esseutiae

40 3644 195 3713 extantes
212 3650 365 3724 rationes,
395 3649 503 3709 borum
532 3649 668 3724 proiecto
698 3647 869 3708 secundum
891 3648 1025 3708 divinam
1045 3649 1154 3709 volun-

40 3742 137 3798 tatem
162 3737 196 3796 iit
224 3736 346 3795 creatio.
399 3734 533 3808 Quorum
563 3750 635 3793 vero
665 3733 834 3794 secundnm
857 3732 990 3794 divinam
1013 3734 1155 3795 volunte-

41 3829 104 3884 tern
139 3821 172 3881 nt
204 3822 334 3893 creatio,
370 3820 478 3881 horum
508 3819 682 3880 essentialis
710 3820 871 3880 existentia
899 3824 1019 3894 manet,
1055 3827 1085 3880 et
1114 3820 1154 3880 ad

41 3907 330 3968 non-existentiam
353 3908 392 3967 ab
415 3906 579 3966 existentia
606 3920 666 3965 non
689 3906 808 3966 transit.
861 3906 996 3978 Quorum
1019 3922 1092 3966 vero
1112 3905 1153 3966 ad

42 4010 134 4055 non·
148 3994 342 4054 existentiam
377 3997 447 4072 post
476 3993 659 4087 creatiopem
691 3993 729 4052 ab
759 3991 922 4051 existentia
953 4008 1013 4052 non
1044 3993 1163 4052 transit

40 4080 218 4141 essentialis
247 4079 400 4154 extantia,
430 4094 537 4138 eorum
566 4079 701 4139 rationes
733 4077 859 4137 stabiles
888 4082 961 4137 sunt
989 4083 1081 4153 atque
1104 4078 1163 4138 tir·'

44 4299 84 4352 lii.
104 4294 274 4364 παρέξοντος
290 4299 369 4348 babet
387 4298 565 4363 apographum
585 4298 642 4348 cod.
664 4297 730 4349 Gnd.
784 4297 827 4349 20.
848 4290 1003 4356 διατέθειται
1022 4293 1065 4346 ed.
1085 4294 1151 4347 Gall.

42 4370 84 4418 21.
100 4368 187 4418 Verba
198 4363 237 4434 μὴ
250 4363 425 4433 δυναμένων,
443 4366 490 4416 καὶ
503 4362 681 4424 ἀπολαύσεως
693 4367 749 4418 τών
762 4379 811 4416 non
827 4370 976 4430 comparent
991 4363 1017 4412 in
1030 4363 1071 4415 ed.
1085 4361 1150 4414 Gall.
