2752 4778
1174 175 1246 250 143

124 361 214 421 enim
249 361 344 420 etiam
368 367 491 433 natura,
527 376 606 435 quae
628 379 663 421 se
685 362 786 436 ipsam
809 378 1003 438 corrumpere
1025 370 1173 423 conantes
1196 379 1246 423 ea-

127 452 244 505 tenus:
262 448 409 524 castigat,
447 452 597 520 quatenus
631 447 792 509 innaturali
831 450 949 507 vivendi
984 451 1088 526 generi
1123 466 1245 524 operam

128 530 297 607 liant,'-ea
312 532 485 607 candaca
507 532 631 607 plenam
655 534 752 608 ipsius
776 542 904 595 naturae
926 535 1101 596 facultatem
1124 543 1249 596 natura-

130 616 359 696 ltter÷=amptias
375 634 604 679 exercereeos
626 621 714 691 sirati,
742 623 918 681 imminutos
940 622 999 681 iam
1024 623 1197 698 integritate
1219 628 1249 681 et

132 704 490 783 pen·:.hoc:ca'stigatos,
522 707 634 781 quippe
663 707 715 780 qui
744 708 801 765 sibi
830 708 906 782 ipsis
936 707 1110 767 inconsulta
1140 714 1170 767 et
1192 709 1248 767 im-

132 788 366 873 prudenterad
385 791 418 851 id
441 790 521 866 quad
546 807 606 850 non
629 798 676 852 est
697 792 874 854 inclinando
898 795 1077 854 existentiae
1097 793 1247 853 delectum

132 882 307 953 praestant
362 918 365 922 -

244 961 281 1021 X.
325 961 567 1022 intellectualem
597 979 668 1022 vcro
695 980 816 1038 quaque
840 980 876 1023 ac
900 965 1075 1025 sensualem
1100 965 1247 1026 coaditio-

135 1062 207 1109 nem
238 1048 353 1124 opilicis
377 1046 534 1109 Sermonis
563 1048 590 1107 si
613 1051 681 1122 qais
705 1067 758 1125 per
781 1049 906 1126 Moysen
929 1056 960 1111 et
984 1051 1076 1112 Etiam
1101 1053 1247 1112 contineri
1274 1112 1279 1116 ,

133 1133 263 1209 dixerit,
284 1136 313 1194 is
332 1134 466 1195 conasse
488 1150 509 1195 a
531 1149 603 1194 vero
627 1151 687 1196 aon
711 1138 871 1196 aberrabit.
918 1136 962 1196 Ex
985 1140 1094 1211 quibus
1117 1154 1247 1198 sensua-

133 1218 320 1297 lis-,Moyses
350 1221 497 1281 rationem
528 1226 627 1294 tenet,
664 1228 699 1282 ut
726 1225 918 1299 generationi
948 1241 985 1284 ac
1013 1226 1145 1285 interitui
1174 1225 1247 1284 sub-
1278 1230 1281 1237 '

134 1308 253 1383 intus,
268 1306 539 1383 ..quemadmodum
562 1306 690 1368 historia
714 1310 781 1368 cias
805 1315 925 1380 narrat,
959 1312 1186 1387 generationem
1211 1326 1246 1369 ac

134 1399 267 1455 mortem
300 1394 367 1454 eius
403 1409 657 1454 commemorans.
726 1395 799 1455 Tale
832 1399 912 1456 enim
944 1397 1097 1457 sensualis
1127 1411 1247 1472 quaque

133 1479 287 1552 conditio,
315 1481 403 1539 cuius
432 1479 549 1539 initium
579 1481 785 1557 generationis
815 1489 919 1542 actum
951 1489 1014 1559 est,
1049 1488 1180 1558 atquae
1202 1484 1248 1540 in-

134 1565 417 1627 teritusdeiiaitam
437 1568 732 1626 consummationem
751 1576 863 1642 sperat.
909 1567 1125 1629 intellectualis
1143 1573 1247 1628 contra

136 1650 346 1727 tinae-auiae
367 1668 427 1712 nec
450 1653 638 1713 nativitatem
660 1654 760 1728 prodit
783 1655 925 1730 historia,
957 1657 1046 1715 etiam
1070 1656 1096 1715 si
1120 1671 1248 1732 genera-

134 1736 320 1812 tas-faerit,
357 1753 416 1798 aec
443 1739 548 1814 utique
570 1740 675 1798 martis
699 1756 768 1799 eum
791 1742 848 1799 sibi
871 1757 996 1817 sperare
1019 1743 1171 1801 iaterttam
1194 1741 1249 1802 de·

135 1824 354 1895 irritetiamsi
372 1830 500 1885 mortem
520 1827 652 1887 subierit
699 1826 773 1885 'lale
792 1829 870 1886 enim
892 1828 1106 1887 intellectualis
1127 1843 1247 1902 qaoque

135 1911 286 1985 mnditia,
321 1926 402 1987 qaae
430 1927 490 1969 aon
519 1912 634 1972 initiam
666 1913 830 1973 nativitatis
855 1913 1028 1973 hominibus
1053 1914 1249 1973 manifestam

136 1996 244 2073 amet,
272 1998 391 2057 etiamsi
421 1997 503 2057 lacta
523 1998 612 2057 luerit
635 2003 666 2058 et
687 2000 804 2059 initium
827 2002 956 2074 ceperit,
986 2006 1016 2060 et
1038 1999 1076 2059 de
1100 2000 1193 2059 nihilo
1216 2003 1246 2058 in

135 2083 330 2145 existentiam
365 2085 550 2159 pervenerit,
586 2099 643 2143 aec
676 2084 765 2143 finem
801 2087 981 2146 existentiae
1011 2102 1065 2161 per
1094 2087 1247 2145 interitum

136 2168 485 2245 amaitamexspeetat.
531 2171 556 2228 Α
580 2170 638 2229 deo
661 2172 759 2245 enim,
789 2173 930 2246 quicum
953 2173 995 2232 ita
1017 2187 1140 2231 creasse
1163 2170 1247 2229 vole-

138 2256 204 2329 bat,
227 2256 290 2317 hoc
309 2257 442 2332 accepit,
472 2260 506 2314 ut
529 2256 704 2317 naturaiiter
728 2258 818 2317 exitia
842 2263 968 2318 careret.

136 2459 419 2565 Compendiaria
438 2465 513 2540 alia
536 2467 575 2540 in
595 2467 954 2541 transformationem
975 2466 1245 2565 contemplatio

242 2610 275 2672 Si
303 2613 352 2673 cai
382 2617 485 2675 autem
516 2616 691 2675 necessario
720 2632 781 2675 aon
804 2618 961 2693 operosior
983 2616 1125 2690 videbor,
1155 2617 1246 2675 etiam

137 2696 221 2761 aiud
247 2712 396 2779 magnum
427 2705 456 2759 et
485 2701 636 2776 divinam,
670 2709 705 2762 ut
725 2709 815 2778 puto,
846 2719 887 2763 ex
916 2704 1018 2764 divina
1047 2701 1247 2764 transforma·

136 2784 219 2847 tione
247 2787 424 2862 mysterium
455 2788 543 2848 uobis
572 2788 742 2864 revelatur,
779 2791 877 2865 iisque
907 2804 985 2864 qaae
1013 2790 1074 2849 iam
1104 2789 1164 2849 dixi
1199 2789 1247 2849 la·

136 2870 298 2933 ειιΙειιῑίιιε.
357 2873 492 2932 Arbitror
521 2889 577 2949 ρει
605 2874 882 2935 transformationis
912 2875 1090 2952 spectacula
1112 2876 1164 2937 illa
1187 2874 1246 2936 deo

135 2959 353 3019 convenienter
380 2975 418 3019 aa
447 2959 540 3036 digne
560 2960 591 3020 ia
615 2966 716 3021 moute
738 2961 819 3022 edita
842 2961 963 3023 divinae
985 2963 1096 3023 Christi
1118 2966 1247 3023 naturae

135 3040 214 3105 tinas
248 3045 377 3120 mystice
410 3047 548 3105 enarrari
583 3047 743 3123 generales
778 3048 899 3122 modos,
936 3049 1063 3123 primam
1093 3048 1179 3118 dico,
1216 3052 1245 3106 et

135 3128 304 3207 simplicem
338 3135 369 3191 et
401 3147 498 3192 causa
530 3137 701 3207 carentem,
738 3133 866 3208 solaque
895 3150 932 3195 ac
961 3134 1053 3209 plena
1082 3134 1246 3209 negatione

135 3214 272 3279 divinam
293 3233 401 3279 revera
423 3218 639 3290 affirmantem,
676 3236 712 3279 ac
735 3221 890 3298 fastigium
914 3221 980 3280 eius
1004 3236 1058 3295 ρει
1080 3226 1245 3294 stuporem,

134 3303 184 3365 aui
204 3303 306 3363 ontio
328 3319 389 3364 uon
412 3306 563 3380 suppetit,
586 3310 621 3364 at
642 3321 697 3381 pur
719 3313 781 3382 est,
806 3306 1027 3380 celebrantem,
1051 3311 1081 3365 et
1104 3306 1244 3376 alterum,

131 3390 187 3465 ,qui
214 3388 299 3451 tana
326 3391 479 3465 sequitur,
509 3392 713 3467 compositum
735 3398 828 3467 atque
850 3409 904 3470 ρει
926 3392 1156 3452 affirmationem
1181 3407 1245 3450 ma-

135 3474 247 3553 gnilica
274 3492 313 3536 ex
342 3477 480 3537 causatis
501 3477 697 3552 probantem:
733 3481 860 3553 quibus,
895 3486 1047 3554 qautenus
1070 3477 1244 3538 hominibus

134 3558 165 3621 iti
186 3577 283 3623 nosse
306 3561 423 3634 licebit,
453 3579 607 3639 suspensa
628 3564 668 3625 de
691 3565 749 3625 deo
771 3564 872 3640 deque
893 3565 1002 3626 divinis
1025 3566 1118 3625 rebus
1141 3564 1246 3640 cogni-

133 3647 177 3709 tto
200 3664 260 3725 per
285 3648 428 3725 symbola
456 3650 545 3709 nobis
575 3650 687 3711 idonea
715 3651 755 3711 ad
780 3657 942 3725 utrumque
964 3651 1088 3713 modam
1113 3665 1169 3709 nos
1192 3649 1246 3709 da-

134 3730 235 3810 (lucit,
273 3733 347 3795 dam
376 3749 430 3810 per
459 3735 631 3814 religiosam
662 3752 761 3797 rerum
790 3737 1064 3798 considerationem
1088 3740 1244 3799 amborum

134 3820 270 3881 maanes
298 3822 386 3881 nabis
414 3822 510 3896 sistit,
552 3823 660 3897 prioris
691 3823 812 3898 quidem
841 3824 1011 3900 symbolum
1043 3823 1246 3898 quodcunque

134 3922 263 3969 seusam
290 3906 422 3967 excedra
451 3923 522 3968 esse
551 3908 682 3984 docens,
723 3910 847 3972 alterius
879 3911 1036 3970 collectiva
1064 3926 1136 3970 esse
1166 3923 1246 3983 quae

133 3992 180 4055 cti
203 4008 334 4054 sensum
363 3994 535 4071 pertineant
564 4010 659 4071 opera
687 3996 859 4075 magnilica.
915 3996 961 4056 Ex
990 3996 1137 4071 symbolis
1165 3996 1245 4055 caim

133 4092 231 4157 qnae.
246 4094 374 4141 sensam
404 4080 558 4142 excedunt
580 4082 737 4142 veritatem
759 4083 908 4142 rationem
931 4088 963 4144 et
983 4081 1171 4143 intellectam
1195 4097 1247 4141 su-

128 4158 297 4243 perantem
323 4164 424 4227 solum
455 4166 546 4229 modo
570 4169 690 4228 censeri
715 4170 943 4241 existimamus,
974 4175 1004 4229 et
1026 4169 1096 4243 qaid
1120 4174 1150 4228 et
1171 4183 1245 4244 qao·

133 4250 226 4315 modo
249 4250 402 4328 etqualls
425 4268 464 4314 ea
486 4254 537 4329 sit,
560 4259 590 4314 et
612 4254 665 4314 ubi
688 4260 719 4314 et
739 4254 861 4330 quaudo
883 4271 1078 4330 nequaquam
1096 4256 1246 4331 inquirere

132 4344 287 4403 conantes
309 4342 362 4400 cat
384 4344 485 4401 mente
506 4341 661 4416 percipere
680 4343 880 4413 sustinentes,
904 4340 1150 4419 quandoquidem
1167 4342 1246 4418 pen·-

367 4551 379 4585 Ι
