2752 4778
1087 238 1161 314 36?

44 428 94 486 ob
125 427 288 499 nequitiam
318 426 388 486 olim
412 426 440 482 in
463 427 539 500 ipsis
560 426 728 485 mortificati
750 426 1010 486 resurrectionem.
1065 427 1163 502 Atque

46 517 212 588 postremo
234 515 332 587 ipsum
356 511 457 569 vident
476 528 647 572 sermonem
668 511 750 571 clare
768 514 812 570 eis
830 511 1074 588 manifestatum,
1097 514 1163 573 sinc

46 597 204 675 symbolis
233 604 263 657 et
291 598 490 672 imaginibus,
526 605 616 672 atque
644 599 831 674 intellegibili
859 598 973 675 gaudio
995 604 1162 673 rapientem

47 683 278 744 intellectuales
301 699 405 743 earnm
429 700 550 743 sensus.

49 820 115 896 Ex
149 824 276 896 eodem
311 847 494 913 sermone,
531 825 569 895 in
604 823 718 912 illud,
763 820 932 913 ‚Petrum
967 824 1028 897 vel
1063 821 1163 905 Ioan-

108 951 192 998 nem
224 926 388 1016 imitare,
433 926 480 998 ad
513 927 752 1024 sepulchrum
793 951 964 1025 propera,
1009 927 1166 1014 simulac

110 1030 276 1103 certatim
304 1053 469 1119 currens,
498 1038 606 1126 atque
633 1030 785 1102 honesta
812 1030 1057 1103 aemulatione
1083 1052 1164 1102 cort-

107 1133 283 1205 tendens‘

165 1252 268 1312 Petrus
300 1253 421 1326 quidem
452 1261 499 1313 est
526 1255 624 1312 omnis
656 1254 748 1312 bomo
777 1257 826 1328 qui
857 1252 925 1313 fidei
954 1255 981 1312 in
1014 1253 1164 1312 Christum

50 1328 278 1399 tirnramentum
309 1355 363 1414 per
390 1340 470 1397 uitae
500 1341 647 1399 rationem
680 1340 735 1398 sibi
767 1340 905 1414 acquirit:
941 1339 1071 1399 loannes
1095 1355 1166 1398 vero

50 1425 108 1498 qui
138 1430 261 1500 propter
292 1424 418 1485 multam
442 1425 705 1486 mansuetudinem
729 1431 818 1500 atque
842 1443 948 1501 puram
973 1425 1072 1486 cordis
1096 1425 1166 1484 inde

51 1511 262 1570 sinceritatem
302 1528 319 1570 a
355 1511 478 1570 domino
514 1511 663 1588 diligitur,
703 1513 811 1586 cuique
841 1519 1002 1588 propterea
1030 1512 1166 1571 thesauri

51 1597 227 1670 sapientiae
249 1602 279 1656 et
301 1599 483 1674 cognitionis
507 1605 579 1657 sunt
602 1598 723 1671 crediti,
761 1602 865 1672 etqui
888 1599 927 1658 ad
949 1605 1056 1675 pectus
1080 1598 1166 1658 recli—
1209 1593 1210 1599 ’

51 1682 159 1743 nando
183 1701 218 1742 en
242 1686 310 1759 ipsa
335 1679 489 1743 Sermonis
513 1685 632 1744 occulta
655 1685 809 1744 divinitate
830 1685 1004 1760 theologiae
1028 1687 1166 1746 virtutem

51 1768 157 1828 refert.
209 1768 377 1829 Occurrunt
399 1775 500 1830 autem
524 1771 553 1851 bi
578 1773 634 1830 sibi
658 1773 802 1840 invicem,
831 1772 901 1830 dum
926 1772 974 1831 bic
997 1771 1166 1832 secundum

52 1855 208 1914 actionem
240 1857 349 1916 virtute
380 1858 546 1917 institutam
577 1859 700 1917 alterius
732 1858 1015 1932 contemplationem
1048 1859 1167 1918 vincere

52 1941 178 2009 studet,
216 1941 265 2001 ille
303 1943 472 2002 secundnm
509 1946 680 2018 gnosticam
718 1943 1004 2019 contemplationem
1043 1944 1166 2003 alterins

52 2027 206 2086 actionem
233 2035 422 2089 antevertere
451 2035 602 2104 properat.
651 2029 840 2089 Concurrunt
864 2044 934 2088 vero
959 2031 1014 2087 sibi
1037 2031 1165 2089 invicem

53 2113 227 2172 secundum
259 2116 510 2190 propositionem,
544 2116 617 2174 dum
649 2121 775 2190 uterque
791 2131 843 2174 ex
874 2131 971 2188 nequo
995 2117 1074 2174 circa
1097 2131 1166 2190 pro·

54 2200 154 2275 prium
180 2201 290 2261 bonurn
315 2201 392 2261 felici
417 2217 515 2260 rerum
541 2218 687 2261 successu
709 2201 811 2262 utitur.

54 2350 246 2429 Alternia
268 2352 414 2424 eosdem
436 2353 708 2452 contemplatio.

165 2486 269 2547 Petrus
299 2506 369 2548 vero
398 2505 505 2548 rursus
535 2496 596 2563 est,
629 2497 658 2550 et
686 2491 834 2558 loannes
866 2492 966 2550 omnis
995 2491 1085 2548 homo
1116 2493 1165 2565 qui
1260 2481 1264 2486 ²
1308 2496 1312 2504 '

55 2573 117 2632 deo
139 2576 382 2650 appropinquare
405 2577 528 2650 memit,
564 2578 674 2651 quique
698 2577 864 2652 practicam
888 2578 1009 2638 animae
1032 2575 1165 2636 studium

55 2658 97 2718 ad
123 2657 200 2719 Petri
221 2663 333 2734 instar,
358 2662 627 2737 contemplativum
652 2679 723 2724 vero
746 2662 785 2722 ad
808 2661 931 2722 Ioannis
954 2665 1066 2735 instar,
1090 2663 1166 2721 inni-

55 2761 123 2805 cem
148 2746 205 2806 sibi
227 2747 396 2805 secundum
420 2764 591 2809 sermonem
615 2751 824 2809 concurrentia
842 2749 953 2825 babet,
984 2749 1066 2810 nullo
1091 2749 1167 2809 ulte-

56 2833 121 2891 rius
150 2848 225 2908 prae
253 2832 348 2892 altero
378 2850 510 2894 excessu
537 2841 589 2895 aut
619 2835 770 2897 delectu·
804 2837 903 2911 Atque
925 2853 1034 2897 rursus
1058 2834 1166 2897 eadem

57 2919 116 2978 sibi
149 2920 277 2980 invicem
312 2920 493 2980 secundum·
509 2922 745 2996 propositionem
777 2925 964 2985 occurrentia
993 2922 1165 2993 creduntur,

56 3020 127 3064 cum
148 3011 277 3079 uterque
299 3013 461 3081 utrumque
483 3024 541 3067 sua
565 3014 734 3069 antevertat
756 3009 945 3070 excellentia.

57 3158 116 3234 Ex
139 3162 286 3253 eodem,
315 3164 353 3234 in
376 3164 494 3254 illud,
521 3159 648 3255 ,Quod
665 3166 696 3237 si
713 3164 874 3238 Thomae
893 3166 1008 3238 instar
1025 3193 1046 3238 a
1062 3174 1165 3238 coetu

112 3265 396 3363 discipulorum,
426 3265 560 3364 quibus
586 3268 755 3367 apparuit
781 3263 966 3360 Christus,
993 3268 1165 3359 abfueris,

112 3379 345 3466 posteaquam
369 3370 524 3461 viderie,
559 3395 606 3443 ne
629 3373 683 3444 rei
706 3371 820 3444 fidem
842 3370 1005 3470 abroges.
1060 3369 1168 3460 Quod

112 3471 143 3543 si
157 3471 197 3544 id
211 3471 280 3544 tibi
297 3473 410 3545 fidem
425 3497 499 3544 non
513 3474 617 3566 facit,
646 3474 880 3547 narrantibus
899 3475 1032 3547 saltem
1048 3476 1165 3548 crede.

112 3568 151 3647 Si
174 3599 219 3647 ne
241 3574 300 3647 his
324 3576 492 3673 quidem,
526 3585 563 3649 at
586 3585 684 3650 certe
706 3578 897 3651 clavorum
920 3577 1168 3676 impressioni·

110 3675 181 3750 bns
203 3676 317 3751 fidem
340 3678 460 3753 habe.‘

165 3791 298 3853 Thomas
334 3795 503 3870 explicatur
539 3795 700 3869 Geminus,
744 3796 823 3870 quod
861 3803 910 3856 est
943 3796 1089 3857 dubitatio
1123 3797 1169 3857 vel

58 3878 206 3951 dubitans
233 3887 350 3954 mente,
388 3886 417 3940 et
445 3885 605 3957 propterea
638 3880 801 3941 clavorum·
823 3883 1077 3957 impressionibus
1108 3897 1168 3942 nnn

58 3967 255 4026 contrectatis
292 3982 348 4026 nec
382 3968 590 4026 resurrexisse
619 3965 797 4028 Sermonem
832 3969 968 4028 credens.
1036 3967 1169 4028 Thomas

59 4050 221 4125 igiturest
243 4053 341 4111 omnis
364 4052 457 4112 bomo
478 4054 508 4111 in
532 4052 749 4114 dubitationem
774 4053 916 4130 proclivis
940 4056 990 4129 qui
1013 4052 1169 4114 Sermonis

60 4135 179 4196 virtutis
209 4143 302 4213 atqua
330 4140 511 4216 cognitionis
541 4154 631 4214 quem
661 4140 691 4197 in
717 4141 880 4216 semetipso
903 4141 997 4200 habat
1018 4139 1101 4200 haud
1124 4141 1168 4201 ia-

59 4221 119 4282 cile
141 4223 235 4284 credit
257 4224 388 4286 futuram
408 4240 481 4286 esse
498 4225 769 4298 resurrectionem,
791 4227 840 4286 cui
856 4232 1050 4302 peccatorum
1066 4227 1167 4288 solum

61 4315 152 4370 antea
180 4310 326 4371 tactorum
355 4317 567 4384 monumenta,
599 4313 664 4370 sine
693 4310 804 4373 affectu
831 4313 862 4372 in
885 4318 986 4374 menta
1008 4314 1166 4390 impressa,

61 4392 153 4453 divini
172 4398 217 4454 -iu
254 4397 420 4472 semetipso
448 4391 604 4459 sermome
639 4399 899 4460 resuscitationem
937 4399 1067 4461 futuram
1094 4413 1167 4461 esse
