2752 4778
1152 208 1227 287 ΜΒ

120 401 198 449 auec
225 402 300 449 esse
329 386 480 449 credatur.
545 387 660 449 Moneri
689 392 778 466 igitur
811 390 888 451 deus
923 393 1031 452 dicitur
1066 397 1100 452 ut
1133 411 1230 459 causa

120 475 312 550 quaestionis
335 472 374 534 de
397 475 488 534 modo
511 477 659 550 quoipse
681 478 803 536 existat.
851 476 967 538 Etenim
990 480 1231 541 sine-ittumina-

120 562 204 621 ione
226 560 352 637 aggredi
373 559 516 620 deitatem
541 577 695 635 nunquam
719 552 843 636 poteris.
900 563 1018 624 Rursus
1041 572 1142 626 nutem
1166 583 1232 626 mo-

120 649 182 708 ueri
213 647 321 707 dicitur
351 648 441 706 etiam
471 654 593 722 propter
621 649 860 708 vicissitudinem
885 651 1139 711 manifestationis
1162 669 1231 728 per-

120 732 251 795 iactioris
278 734 361 793 circa
389 734 490 809 ipsum
518 735 647 795 rationis
675 751 729 810 per
761 751 883 795 sacram
917 739 1116 812 scripturam,
1152 753 1230 811 quae

120 821 237 881 mitium
273 818 346 880 fucit
379 825 499 894 patrem
526 820 712 896 profitendo,
749 828 778 882 et
806 823 942 897 procedit
969 825 999 883 iu
1028 825 1230 898 profitendum

120 922 182 969 ana
206 921 276 965 cum
299 911 384 980 patre
407 906 517 976 fitium,
541 914 570 967 et
594 907 632 966 ad
656 908 861 982 recipiendum
885 927 947 969 uno
971 926 1039 970 cum
1064 918 1149 985 patre
1171 911 1231 969 filio

120 993 259 1068 spiritum
277 997 435 1065 sanctum,
459 999 489 1051 et
512 993 551 1051 ad
576 995 738 1053 trinitatem
761 995 924 1068 periectarn
949 997 1082 1071 perfecta
1104 998 1229 1069 unitate,

120 1079 177 1141 doc
208 1084 256 1138 est
283 1094 377 1138 unam
406 1081 572 1138 essentiam
602 1085 632 1138 et
656 1081 801 1140 deitatem
825 1088 854 1140 et
876 1089 1065 1156 potestatem.
1082 1088 1113 1142 et
1136 1085 1230 1144 actio-

120 1182 188 1225 nem
218 1165 249 1222 in
275 1166 372 1224 tribus
402 1165 582 1225 substantiis
612 1168 797 1226 coniunctim
825 1173 855 1226 et
883 1166 947 1227 una
969 1167 1163 1228 venerandas
1185 1171 1232 1228 iu-

120 1252 208 1313 struit
229 1256 321 1324 atquc
344 1251 475 1311 deducit.

120 1451 176 1528 Ex
203 1451 332 1526 eodem
354 1474 539 1543 sermone,
567 1451 606 1523 in
627 1450 742 1542 iliud,
771 1449 932 1543 ,Verum
952 1452 1073 1545 aliud,
1099 1452 1139 1525 ni
1162 1452 1230 1524 fl·

165 1556 246 1647 lor,
289 1562 344 1627 est
376 1553 525 1645 voleus,
566 1553 671 1626 aliud
704 1554 893 1647 voluntas,
931 1556 1036 1629 aliud
1068 1557 1230 1655 gignens,

167 1658 276 1733 aliud
298 1657 500 1755 generati0,
537 1657 643 1730 aliud
668 1658 731 1754 qui
752 1657 936 1757 loquitur,
963 1660 1069 1734 aliud
1099 1683 1229 1753 serm0‚

168 1763 243 1836 nisi
273 1763 368 1833 forte
399 1760 595 1834 temulenti
624 1761 757 1833 simus:
792 1763 928 1835 horum
951 1765 1050 1837 enim
1072 1762 1231 1836 alterum

168 1874 229 1938 est
249 1864 280 1937 is
304 1863 368 1962 qui
388 1874 530 1954 movet,
558 1864 719 1936 alterum
742 1866 848 1938 velut
870 1875 993 1938 motus
1015 1867 1104 1964 ipse.
1146 1864 1181 1938 N
1183 1890 1232 1938 on

126 2046 129 2052 ,
169 1992 257 2069 ergo
277 1968 479 2041 voluntatis
501 1976 556 2040 est
576 1966 754 2059 volitum,
782 1993 849 2043 nec
867 1969 1111 2067 generationis
1133 1969 1232 2067 quod

167 2070 337 2172 genitum
368 2080 422 2143 est
456 2069 592 2169 (neque
626 2071 724 2143 enim
757 2071 828 2145 hoc
861 2095 1010 2170 prorsus
1039 2070 1231 2169 sequitur),

168 2199 238 2248 nec
264 2174 464 2247 locutionis
496 2174 596 2272 quod
624 2174 794 2247 auditum
818 2187 890 2266 est,
923 2175 989 2248 sed
1011 2174 1171 2249 volentis
1196 2183 1233 2248 et

166 2279 349 2378 gignemis
377 2287 415 2350 et
444 2277 641 2374 loquentis.
693 2276 744 2348 Aa
770 2303 862 2375 quae
894 2278 932 2350 in
966 2277 1034 2351 deo
1068 2277 1230 2350 conside·

166 2391 316 2474 rantur,
344 2404 456 2479 supra
474 2381 564 2454 haec
585 2405 730 2479 quoque
753 2384 876 2454 omnia
896 2391 998 2471 sunt,
1026 2390 1153 2479 utpote
1171 2382 1232 2455 cui

167 2483 356 2584 generatio
378 2486 531 2557 fortasse
552 2485 601 2556 sit
620 2485 700 2581 ipsa
725 2483 901 2583 gignendi
926 2485 1123 2559 voluntas!

227 2634 272 2694 Ad
296 2635 427 2694 Arianos
457 2636 559 2694 omnia
588 2637 818 2711 perturbantes,
847 2651 906 2710 quo
935 2637 1131 2714 unigenitum·
1151 2637 1248 2715 blas<

120 2721 285 2801 phemaudi
313 2722 566 2796 opportunitatem
597 2723 654 2781 sibi
677 2722 827 2792 iacerent,
862 2729 953 2797 atque
976 2723 1067 2783 titium
1094 2723 1234 2784 volunta·

120 2813 173 2883 tis,
197 2824 259 2868 non
283 2813 385 2868 autem
409 2810 502 2882 patris
526 2824 597 2866 esse
620 2809 808 2886 unigenitum
828 2808 920 2868 titium
942 2815 1131 2884 statuentes,
1155 2810 1235 2871 haec

120 2896 247 2972 cupiens
276 2894 382 2952 doctor
403 2893 490 2964 dicit,
523 2893 611 2953 facile
634 2911 704 2954 esse
727 2895 942 2957 demonstrans
964 2896 1036 2957 inde
1059 2896 1099 2957 ad
1122 2896 1233 2957 dissol-

120 2980 253 3045 vendum
283 2997 373 3040 omne
404 2981 563 3039 artificium
587 2987 693 3040 contra
718 2984 874 3041 veritatem
897 2987 1055 3042 structum.
1107 2981 1184 3043 Num
1208 2985 1234 3043 st

120 3070 243 3131 auinrae
270 3066 448 3139 facultates,
479 3082 556 3141 quus
586 3067 697 3142 aliquis
726 3068 835 3128 dixerit
857 3070 1011 3128 essentiae
1034 3067 1127 3128 huius
1150 3086 1233 3129 com·

120 3154 265 3231 pletorias
288 3169 377 3223 esse,
407 3153 464 3212 has
485 3152 605 3225 quidem
626 3154 657 3211 iu
676 3167 736 3227 quo
755 3154 843 3215 simut
862 3156 968 3213 insunt
985 3154 1121 3223 essentia
1140 3170 1233 3228 agere

120 3247 307 3313 statuamus,
337 3239 422 3298 haud
452 3244 555 3298 tornea
587 3239 658 3298 item
690 3240 806 3298 moveri
834 3256 888 3315 per
918 3242 1068 3299 actionem
1094 3238 1232 3299 effectum

120 3331 327 3406 praestantem
357 3326 416 3384 nisi
438 3339 492 3399 per
517 3324 644 3385 volentis
669 3331 775 3385 nutum
799 3343 902 3401 posse.
958 3323 990 3385 Si
1014 3331 1117 3385 autem
1140 3329 1233 3386 etiam

120 3414 248 3475 daretur
277 3415 335 3471 sub
358 3411 538 3471 condicione
560 3413 711 3487 privatum
733 3420 763 3473 et
784 3415 938 3488 proprium
961 3411 1040 3472 velie
1063 3428 1118 3471 eas
1141 3429 1233 3488 agere

120 3516 158 3563 ex
182 3497 312 3559 naturali
334 3505 436 3567 motu,
458 3502 561 3557 tamen
585 3504 703 3573 praeter
726 3501 792 3559 eius
814 3502 866 3573 qui
889 3515 943 3558 eas
962 3497 1116 3575 possidet,
1140 3500 1234 3558 atita

120 3586 238 3739 amam,
268 3584 449 3644 libramento
472 3584 546 3653 nihil
569 3601 625 3645 eas
647 3586 690 3645 itu
712 3590 746 3645 ut
767 3585 932 3660 perfectum
956 3585 1169 3644 administrent
1190 3584 1235 3643 ef-

139 3673 258 3733 cuciarn
282 3673 392 3746 proprii
415 3672 546 3746 impetus
570 3687 675 3745 posse,
731 3670 834 3746 Neque
856 3673 936 3731 enim
960 3673 1083 3731 omniuo
1106 3670 1235 3730 faculta-

119 3765 182 3821 tem
211 3759 348 3830 sequitar
379 3774 473 3832 opus,
507 3773 586 3830 quae
616 3759 682 3816 eius
713 3759 801 3816 cuius
831 3763 878 3815 est
900 3758 1029 3816 incultas
1053 3756 1235 3816 libramento

120 3848 223 3915 caret,
247 3842 329 3916 quod
352 3845 481 3903 activum
500 3844 529 3901 in
549 3844 628 3903 iacto
648 3845 939 3902 consummationem
960 3844 986 3903 ei
1006 3842 1138 3913 adierat,
1161 3841 1234 3901 dum

120 3932 191 4007 ipsa
218 3945 272 4004 per
300 3945 335 3988 se
364 3936 412 3990 est
441 3931 508 3989 sine
535 3929 717 3989 substantia.
771 3925 894 3987 Frustra
916 3928 1102 3988 voluntatem
1125 3944 1236 4003 propo·

120 4021 269 4086 onerant,
298 4027 378 4088 quae
407 4014 481 4073 nihil
512 4015 626 4090 perficit
653 4018 773 4089 praeter
802 4031 871 4073 eum
895 4016 948 4089 qui
969 4016 1068 4089 ipsum
1092 4014 1236 4073 habetet

120 4101 199 4167 vult
243 4104 342 4175 Atque
362 4100 421 4161 hoc
444 4100 595 4175 estquod
618 4099 689 4158 dicit
709 4101 864 4176 irrugister.
922 4099 1119 4174 Nequaquam
1143 4101 1236 4176 enim,

120 4195 156 4253 ut
178 4192 324 4263 apparet,
358 4187 546 4249 uoluntatem
570 4188 707 4260 sequitur
729 4187 869 4260 volitum,
903 4202 958 4245 nec
981 4188 1079 4262 magis
1101 4187 1235 4261 reliques

120 4273 258 4349 reliqua,
281 4274 349 4333 sine
369 4274 435 4333 eius
455 4274 539 4349 quod
561 4272 611 4333 his
635 4274 787 4346 subiacet,
811 4275 841 4333 in
865 4288 925 4349 qua
948 4278 978 4332 et
999 4274 1120 4344 insunt,
1142 4271 1237 4333 celin·

122 4361 220 4427 noua
271 4358 358 4431 Quod
387 4361 415 4421 si
438 4359 476 4420 de
498 4359 641 4421 humanis
664 4361 794 4431 nostris,
824 4376 842 4419 o
864 4360 931 4434 isti,
961 4358 1111 4433 exemplis
1134 4357 1237 4419 diviua

964 4443 1030 4506 ta*
