<?xml version="1.0" encoding="UTF-8"?>
<!DOCTYPE html PUBLIC "-//W3C//DTD XHTML 1.0 Transitional//EN"
    "http://www.w3.org/TR/xhtml1/DTD/xhtml1-transitional.dtd">
<html xmlns="http://www.w3.org/1999/xhtml" xml:lang="en" lang="en">
 <head>
  <title>
</title>
<meta http-equiv="Content-Type" content="text/html;charset=utf-8" />
  <meta name='ocr-system' content='tesseract 3.04.00' />
  <meta name='ocr-capabilities' content='ocr_page ocr_carea ocr_par ocr_line ocrx_word'/>
</head>
<body>
  <div class='ocr_page' id='page_1' title='image "./sanctipatrisnos00maxigoog_0258.png"; bbox 0 0 2752 4778; ppageno 0'>
   <div class='ocr_carea' id='block_1_1' title="bbox 1048 204 1122 282">
    <p class='ocr_par' dir='ltr' id='par_1_1' title="bbox 1048 204 1122 282">
     <span class='ocr_line' id='line_1_1' title="bbox 1048 204 1122 282; baseline -0.027 0"><span class='ocrx_word' id='word_1_1' title='bbox 1048 204 1122 282; x_wconf 78' lang='lat' dir='ltr'>tte</span> 
     </span>
    </p>
   </div>
   <div class='ocr_carea' id='block_1_2' title="bbox 10 386 1196 2450">
    <p class='ocr_par' dir='ltr' id='par_1_2' title="bbox 10 386 1196 2450">
     <span class='ocr_line' id='line_1_2' title="bbox 14 386 1122 465; baseline 0.003 -16"><span class='ocrx_word' id='word_1_2' title='bbox 14 388 169 465; x_wconf 75' lang='lat' dir='ltr'>pbtestate</span> <span class='ocrx_word' id='word_1_3' title='bbox 189 387 219 448; x_wconf 92' lang='lat' dir='ltr'>in</span> <span class='ocrx_word' id='word_1_4' title='bbox 237 389 417 463; x_wconf 81' lang='lat' dir='ltr'>potestatem</span> <span class='ocrx_word' id='word_1_5' title='bbox 436 386 610 447; x_wconf 87' lang='lat' dir='ltr'>ascendens</span> <span class='ocrx_word' id='word_1_6' title='bbox 627 388 721 461; x_wconf 88' lang='lat' dir='ltr'>ratio,</span> <span class='ocrx_word' id='word_1_7' title='bbox 745 394 776 448; x_wconf 90' lang='lat' dir='ltr'>et</span> <span class='ocrx_word' id='word_1_8' title='bbox 793 389 944 462; x_wconf 84' lang='lat' dir='ltr'>exaltata,</span> <span class='ocrx_word' id='word_1_9' title='bbox 966 397 998 452; x_wconf 90' lang='lat' dir='ltr'>et</span> <span class='ocrx_word' id='word_1_10' title='bbox 1015 408 1122 454; x_wconf 88' lang='lat' dir='ltr'>ornnes</span> 
     </span>
     <span class='ocr_line' id='line_1_3' title="bbox 14 474 1123 551; baseline 0.005 -16"><span class='ocrx_word' id='word_1_11' title='bbox 14 474 137 537; x_wconf 71' lang='lat' dir='ltr'>ordinm</span> <span class='ocrx_word' id='word_1_12' title='bbox 168 479 261 549; x_wconf 85' lang='lat' dir='ltr'>etque</span> <span class='ocrx_word' id='word_1_13' title='bbox 288 477 456 548; x_wconf 73' lang='lat' dir='ltr'><strong>potestates</strong></span> <span class='ocrx_word' id='word_1_14' title='bbox 484 479 697 551; x_wconf 90' lang='lat' dir='ltr'>transgressa,</span> <span class='ocrx_word' id='word_1_15' title='bbox 727 475 757 533; x_wconf 94' lang='lat' dir='ltr'>in</span> <span class='ocrx_word' id='word_1_16' title='bbox 781 475 932 537; x_wconf 85' lang='lat' dir='ltr'>ineffabile</span> <span class='ocrx_word' id='word_1_17' title='bbox 953 478 1064 539; x_wconf 91' lang='lat' dir='ltr'>desinit</span> <span class='ocrx_word' id='word_1_18' title='bbox 1085 494 1123 540; x_wconf 86' lang='lat' dir='ltr'>ac</span> 
     </span>
     <span class='ocr_line' id='line_1_4' title="bbox 13 557 1124 643; baseline 0.003 -22"><span class='ocrx_word' id='word_1_19' title='bbox 13 560 106 637; x_wconf 84' lang='lat' dir='ltr'>plane</span> <span class='ocrx_word' id='word_1_20' title='bbox 127 562 326 638; x_wconf 87' lang='lat' dir='ltr'>incognitum.</span> <span class='ocrx_word' id='word_1_21' title='bbox 385 557 489 635; x_wconf 89' lang='lat' dir='ltr'>ltaque</span> <span class='ocrx_word' id='word_1_22' title='bbox 513 561 538 619; x_wconf 90' lang='lat' dir='ltr'>si</span> <span class='ocrx_word' id='word_1_23' title='bbox 561 559 729 621; x_wconf 90' lang='lat' dir='ltr'>secundum</span> <span class='ocrx_word' id='word_1_24' title='bbox 752 559 930 638; x_wconf 79' lang='lat' dir='ltr'>Dionysium</span> <span class='ocrx_word' id='word_1_25' title='bbox 954 563 1124 643; x_wconf 77' lang='lat' dir='ltr'>Areopagi-</span> 
     </span>
     <span class='ocr_line' id='line_1_5' title="bbox 12 645 1123 726; baseline 0.001 -16"><span class='ocrx_word' id='word_1_26' title='bbox 12 652 75 710; x_wconf 85' lang='lat' dir='ltr'>tarn</span> <span class='ocrx_word' id='word_1_27' title='bbox 110 649 291 724; x_wconf 73' lang='lat' dir='ltr'>negationes</span> <span class='ocrx_word' id='word_1_28' title='bbox 328 646 358 705; x_wconf 93' lang='lat' dir='ltr'>in</span> <span class='ocrx_word' id='word_1_29' title='bbox 394 646 486 707; x_wconf 90' lang='lat' dir='ltr'>rebus</span> <span class='ocrx_word' id='word_1_30' title='bbox 519 645 628 706; x_wconf 86' lang='lat' dir='ltr'>divinis</span> <span class='ocrx_word' id='word_1_31' title='bbox 661 647 815 708; x_wconf 89' lang='lat' dir='ltr'>veritatem</span> <span class='ocrx_word' id='word_1_32' title='bbox 845 649 976 726; x_wconf 85' lang='lat' dir='ltr'>babent,</span> <span class='ocrx_word' id='word_1_33' title='bbox 1018 656 1123 712; x_wconf 86' lang='lat' dir='ltr'>contra</span> 
     </span>
     <span class='ocr_line' id='line_1_6' title="bbox 13 731 1121 812; baseline 0.002 -17"><span class='ocrx_word' id='word_1_34' title='bbox 13 733 233 807; x_wconf 71' lang='lat' dir='ltr'>numnumes</span> <span class='ocrx_word' id='word_1_35' title='bbox 269 746 372 793; x_wconf 91' lang='lat' dir='ltr'>rerum</span> <span class='ocrx_word' id='word_1_36' title='bbox 406 731 601 793; x_wconf 85' lang='lat' dir='ltr'>ineffabilium</span> <span class='ocrx_word' id='word_1_37' title='bbox 630 734 806 795; x_wconf 79' lang='lat' dir='ltr'><strong>obscuritati</strong></span> <span class='ocrx_word' id='word_1_38' title='bbox 835 752 895 795; x_wconf 91' lang='lat' dir='ltr'>non</span> <span class='ocrx_word' id='word_1_39' title='bbox 926 739 1121 812; x_wconf 89' lang='lat' dir='ltr'>conveniunt,</span> 
     </span>
     <span class='ocr_line' id='line_1_7' title="bbox 13 818 1196 896; baseline -0.002 -15"><span class='ocrx_word' id='word_1_40' title='bbox 13 818 136 881; x_wconf 70' lang='lat' dir='ltr'>duone</span> <span class='ocrx_word' id='word_1_41' title='bbox 163 818 324 896; x_wconf 91' lang='lat' dir='ltr'>apostolus</span> <span class='ocrx_word' id='word_1_42' title='bbox 352 820 488 879; x_wconf 90' lang='lat' dir='ltr'>omnium</span> <span class='ocrx_word' id='word_1_43' title='bbox 516 835 640 881; x_wconf 89' lang='lat' dir='ltr'>suarum</span> <span class='ocrx_word' id='word_1_44' title='bbox 662 820 870 896; x_wconf 73' lang='lat' dir='ltr'>cognitionum</span> <span class='ocrx_word' id='word_1_45' title='bbox 891 823 1048 884; x_wconf 88' lang='lat' dir='ltr'>intellectu</span> <span class='ocrx_word' id='word_1_46' title='bbox 1069 839 1123 883; x_wconf 90' lang='lat' dir='ltr'>ne·</span> <span class='ocrx_word' id='word_1_47' title='bbox 1193 875 1196 879; x_wconf 84' lang='lat'>.</span> 
     </span>
     <span class='ocr_line' id='line_1_8' title="bbox 12 904 1122 984; baseline 0.003 -17"><span class='ocrx_word' id='word_1_48' title='bbox 12 910 104 984; x_wconf 80' lang='lat' dir='ltr'>gato,</span> <span class='ocrx_word' id='word_1_49' title='bbox 134 907 278 982; x_wconf 88' lang='lat' dir='ltr'>omnique</span> <span class='ocrx_word' id='word_1_50' title='bbox 306 921 409 965; x_wconf 89' lang='lat' dir='ltr'>rerum</span> <span class='ocrx_word' id='word_1_51' title='bbox 438 919 518 980; x_wconf 90' lang='lat' dir='ltr'>quae</span> <span class='ocrx_word' id='word_1_52' title='bbox 548 911 620 966; x_wconf 87' lang='lat' dir='ltr'>sunt</span> <span class='ocrx_word' id='word_1_53' title='bbox 650 904 811 967; x_wconf 87' lang='lat' dir='ltr'>affectione</span> <span class='ocrx_word' id='word_1_54' title='bbox 833 915 993 984; x_wconf 86' lang='lat' dir='ltr'>superato,</span> <span class='ocrx_word' id='word_1_55' title='bbox 1023 923 1122 984; x_wconf 90' lang='lat' dir='ltr'>neque</span> 
     </span>
     <span class='ocr_line' id='line_1_9' title="bbox 12 991 1124 1070; baseline 0.002 -18"><span class='ocrx_word' id='word_1_56' title='bbox 12 992 41 1052; x_wconf 81' lang='lat' dir='ltr'>ln</span> <span class='ocrx_word' id='word_1_57' title='bbox 71 1007 220 1068; x_wconf 87' lang='lat' dir='ltr'>corpure,</span> <span class='ocrx_word' id='word_1_58' title='bbox 248 995 282 1053; x_wconf 91' lang='lat' dir='ltr'>ut</span> <span class='ocrx_word' id='word_1_59' title='bbox 310 991 399 1065; x_wconf 82' lang='lat' dir='ltr'>dixit,</span> <span class='ocrx_word' id='word_1_60' title='bbox 428 991 525 1051; x_wconf 86' lang='lat' dir='ltr'>fuisse</span> <span class='ocrx_word' id='word_1_61' title='bbox 554 993 748 1067; x_wconf 77' lang='lat' dir='ltr'>probabiliter</span> <span class='ocrx_word' id='word_1_62' title='bbox 768 993 925 1070; x_wconf 90' lang='lat' dir='ltr'>videatur,</span> <span class='ocrx_word' id='word_1_63' title='bbox 953 1013 1023 1056; x_wconf 91' lang='lat' dir='ltr'>cum</span> <span class='ocrx_word' id='word_1_64' title='bbox 1047 997 1124 1056; x_wconf 86' lang='lat' dir='ltr'>acti-</span> 
     </span>
     <span class='ocr_line' id='line_1_10' title="bbox 12 1079 1122 1157; baseline 0.001 -16"><span class='ocrx_word' id='word_1_65' title='bbox 12 1094 85 1141; x_wconf 81' lang='lat' dir='ltr'>vum</span> <span class='ocrx_word' id='word_1_66' title='bbox 114 1094 178 1140; x_wconf 91' lang='lat' dir='ltr'>non</span> <span class='ocrx_word' id='word_1_67' title='bbox 205 1079 334 1139; x_wconf 90' lang='lat' dir='ltr'>baberet</span> <span class='ocrx_word' id='word_1_68' title='bbox 356 1092 499 1148; x_wconf 91' lang='lat' dir='ltr'>sensum,</span> <span class='ocrx_word' id='word_1_69' title='bbox 533 1093 633 1154; x_wconf 90' lang='lat' dir='ltr'>neque</span> <span class='ocrx_word' id='word_1_70' title='bbox 656 1095 765 1139; x_wconf 89' lang='lat' dir='ltr'>rursus</span> <span class='ocrx_word' id='word_1_71' title='bbox 787 1085 873 1141; x_wconf 89' lang='lat' dir='ltr'>extra</span> <span class='ocrx_word' id='word_1_72' title='bbox 893 1097 1023 1157; x_wconf 86' lang='lat' dir='ltr'>corpus,</span> <span class='ocrx_word' id='word_1_73' title='bbox 1052 1098 1122 1142; x_wconf 90' lang='lat' dir='ltr'>cum</span> 
     </span>
     <span class='ocr_line' id='line_1_11' title="bbox 10 1163 1122 1243; baseline 0.001 -18"><span class='ocrx_word' id='word_1_74' title='bbox 10 1164 202 1227; x_wconf 88' lang='lat' dir='ltr'>intellectum</span> <span class='ocrx_word' id='word_1_75' title='bbox 237 1163 364 1226; x_wconf 90' lang='lat' dir='ltr'>haberet</span> <span class='ocrx_word' id='word_1_76' title='bbox 398 1167 575 1225; x_wconf 80' lang='lat' dir='ltr'>cessantem</span> <span class='ocrx_word' id='word_1_77' title='bbox 606 1180 642 1225; x_wconf 91' lang='lat' dir='ltr'>eo</span> <span class='ocrx_word' id='word_1_78' title='bbox 673 1181 734 1240; x_wconf 93' lang='lat' dir='ltr'>quo</span> <span class='ocrx_word' id='word_1_79' title='bbox 761 1172 868 1241; x_wconf 91' lang='lat' dir='ltr'>raptus</span> <span class='ocrx_word' id='word_1_80' title='bbox 897 1173 945 1227; x_wconf 90' lang='lat' dir='ltr'>est</span> <span class='ocrx_word' id='word_1_81' title='bbox 974 1174 1122 1243; x_wconf 89' lang='lat' dir='ltr'>ternpore,</span> 
     </span>
     <span class='ocr_line' id='line_1_12' title="bbox 10 1251 1123 1329; baseline -0.003 -14"><span class='ocrx_word' id='word_1_82' title='bbox 10 1266 71 1328; x_wconf 82' lang='lat' dir='ltr'>qno</span> <span class='ocrx_word' id='word_1_83' title='bbox 101 1253 134 1311; x_wconf 90' lang='lat' dir='ltr'>in</span> <span class='ocrx_word' id='word_1_84' title='bbox 163 1256 254 1327; x_wconf 86' lang='lat' dir='ltr'>raptu</span> <span class='ocrx_word' id='word_1_85' title='bbox 279 1251 475 1311; x_wconf 85' lang='lat' dir='ltr'>inenarrabili</span> <span class='ocrx_word' id='word_1_86' title='bbox 505 1251 638 1325; x_wconf 92' lang='lat' dir='ltr'>quodam</span> <span class='ocrx_word' id='word_1_87' title='bbox 668 1258 698 1312; x_wconf 90' lang='lat' dir='ltr'>et</span> <span class='ocrx_word' id='word_1_88' title='bbox 719 1253 873 1329; x_wconf 88' lang='lat' dir='ltr'>incognito</span> <span class='ocrx_word' id='word_1_89' title='bbox 896 1254 988 1314; x_wconf 91' lang='lat' dir='ltr'>modo</span> <span class='ocrx_word' id='word_1_90' title='bbox 1013 1270 1123 1314; x_wconf 89' lang='lat' dir='ltr'>secun·</span> 
     </span>
     <span class='ocr_line' id='line_1_13' title="bbox 10 1336 1124 1416; baseline -0.001 -17"><span class='ocrx_word' id='word_1_91' title='bbox 10 1337 86 1401; x_wconf 85' lang='lat' dir='ltr'>inm</span> <span class='ocrx_word' id='word_1_92' title='bbox 108 1338 276 1399; x_wconf 87' lang='lat' dir='ltr'>caelestem</span> <span class='ocrx_word' id='word_1_93' title='bbox 297 1337 498 1398; x_wconf 80' lang='lat' dir='ltr'>initiationem</span> <span class='ocrx_word' id='word_1_94' title='bbox 520 1336 670 1412; x_wconf 87' lang='lat' dir='ltr'>quaedam</span> <span class='ocrx_word' id='word_1_95' title='bbox 694 1340 787 1398; x_wconf 89' lang='lat' dir='ltr'>verba</span> <span class='ocrx_word' id='word_1_96' title='bbox 810 1341 944 1416; x_wconf 88' lang='lat' dir='ltr'>accepit,</span> <span class='ocrx_word' id='word_1_97' title='bbox 976 1356 1055 1415; x_wconf 90' lang='lat' dir='ltr'>quae</span> <span class='ocrx_word' id='word_1_98' title='bbox 1076 1347 1124 1400; x_wconf 89' lang='lat' dir='ltr'>ta·</span> 
     </span>
     <span class='ocr_line' id='line_1_14' title="bbox 10 1423 1123 1502; baseline 0 -17"><span class='ocrx_word' id='word_1_99' title='bbox 10 1426 70 1487; x_wconf 83' lang='lat' dir='ltr'>rite</span> <span class='ocrx_word' id='word_1_100' title='bbox 94 1423 210 1487; x_wconf 87' lang='lat' dir='ltr'>coleret</span> <span class='ocrx_word' id='word_1_101' title='bbox 232 1429 263 1484; x_wconf 91' lang='lat' dir='ltr'>et</span> <span class='ocrx_word' id='word_1_102' title='bbox 290 1438 448 1499; x_wconf 89' lang='lat' dir='ltr'>nunquam</span> <span class='ocrx_word' id='word_1_103' title='bbox 477 1423 666 1502; x_wconf 88' lang='lat' dir='ltr'>divulganda</span> <span class='ocrx_word' id='word_1_104' title='bbox 693 1425 876 1502; x_wconf 85' lang='lat' dir='ltr'>custodiret,</span> <span class='ocrx_word' id='word_1_105' title='bbox 908 1430 1014 1501; x_wconf 87' lang='lat' dir='ltr'>utpote</span> <span class='ocrx_word' id='word_1_106' title='bbox 1043 1441 1123 1501; x_wconf 89' lang='lat' dir='ltr'>quae</span> 
     </span>
     <span class='ocr_line' id='line_1_15' title="bbox 10 1510 1123 1588; baseline 0.001 -17"><span class='ocrx_word' id='word_1_107' title='bbox 10 1526 113 1588; x_wconf 86' lang='lat' dir='ltr'>reque</span> <span class='ocrx_word' id='word_1_108' title='bbox 145 1525 237 1571; x_wconf 86' lang='lat' dir='ltr'>mens</span> <span class='ocrx_word' id='word_1_109' title='bbox 269 1510 464 1587; x_wconf 78' lang='lat' dir='ltr'>intellegere,</span> <span class='ocrx_word' id='word_1_110' title='bbox 500 1526 601 1585; x_wconf 89' lang='lat' dir='ltr'>neque</span> <span class='ocrx_word' id='word_1_111' title='bbox 629 1510 734 1588; x_wconf 89' lang='lat' dir='ltr'>lingua</span> <span class='ocrx_word' id='word_1_112' title='bbox 766 1510 865 1584; x_wconf 83' lang='lat' dir='ltr'>effari,</span> <span class='ocrx_word' id='word_1_113' title='bbox 900 1527 1001 1587; x_wconf 91' lang='lat' dir='ltr'>neque</span> <span class='ocrx_word' id='word_1_114' title='bbox 1030 1529 1123 1573; x_wconf 90' lang='lat' dir='ltr'>aures</span> 
     </span>
     <span class='ocr_line' id='line_1_16' title="bbox 10 1595 1124 1674; baseline 0.001 -17"><span class='ocrx_word' id='word_1_115' title='bbox 10 1598 172 1673; x_wconf 72' lang='lat' dir='ltr'>¹›terreipere</span> <span class='ocrx_word' id='word_1_116' title='bbox 192 1601 328 1672; x_wconf 77' lang='lat' dir='ltr'>possent</span> <span class='ocrx_word' id='word_1_117' title='bbox 386 1595 483 1656; x_wconf 80' lang='lat' dir='ltr'>Efficit</span> <span class='ocrx_word' id='word_1_118' title='bbox 505 1601 628 1668; x_wconf 88' lang='lat' dir='ltr'>autern,</span> <span class='ocrx_word' id='word_1_119' title='bbox 656 1603 690 1657; x_wconf 89' lang='lat' dir='ltr'>ut</span> <span class='ocrx_word' id='word_1_120' title='bbox 711 1598 732 1657; x_wconf 93' lang='lat' dir='ltr'>ii</span> <span class='ocrx_word' id='word_1_121' title='bbox 755 1600 805 1673; x_wconf 92' lang='lat' dir='ltr'>qui</span> <span class='ocrx_word' id='word_1_122' title='bbox 826 1602 946 1674; x_wconf 89' lang='lat' dir='ltr'>experti</span> <span class='ocrx_word' id='word_1_123' title='bbox 968 1605 1040 1659; x_wconf 92' lang='lat' dir='ltr'>sunt</span> <span class='ocrx_word' id='word_1_124' title='bbox 1062 1604 1124 1659; x_wconf 89' lang='lat' dir='ltr'>tra-</span> 
     </span>
     <span class='ocr_line' id='line_1_17' title="bbox 10 1683 1124 1761; baseline -0.001 -15"><span class='ocrx_word' id='word_1_125' title='bbox 10 1684 110 1759; x_wconf 74' lang='lat' dir='ltr'>lnnt,</span> <span class='ocrx_word' id='word_1_126' title='bbox 139 1684 258 1743; x_wconf 84' lang='lat' dir='ltr'>virtutis</span> <span class='ocrx_word' id='word_1_127' title='bbox 279 1685 309 1743; x_wconf 88' lang='lat' dir='ltr'>iu</span> <span class='ocrx_word' id='word_1_128' title='bbox 333 1684 593 1760; x_wconf 83' lang='lat' dir='ltr'>,progressione‘,</span> <span class='ocrx_word' id='word_1_129' title='bbox 624 1698 715 1759; x_wconf 90' lang='lat' dir='ltr'>quam</span> <span class='ocrx_word' id='word_1_130' title='bbox 738 1683 817 1759; x_wconf 84' lang='lat' dir='ltr'>dixi,</span> <span class='ocrx_word' id='word_1_131' title='bbox 841 1684 1006 1761; x_wconf 87' lang='lat' dir='ltr'>perfectam</span> <span class='ocrx_word' id='word_1_132' title='bbox 1029 1686 1124 1745; x_wconf 72' lang='lat' dir='ltr'>aetio</span> 
     </span>
     <span class='ocr_line' id='line_1_18' title="bbox 10 1768 1123 1847; baseline -0.002 -14"><span class='ocrx_word' id='word_1_133' title='bbox 10 1786 84 1833; x_wconf 86' lang='lat' dir='ltr'>rom</span> <span class='ocrx_word' id='word_1_134' title='bbox 113 1768 193 1829; x_wconf 80' lang='lat' dir='ltr'>tides</span> <span class='ocrx_word' id='word_1_135' title='bbox 221 1775 305 1830; x_wconf 89' lang='lat' dir='ltr'>recta</span> <span class='ocrx_word' id='word_1_136' title='bbox 333 1775 363 1829; x_wconf 92' lang='lat' dir='ltr'>et</span> <span class='ocrx_word' id='word_1_137' title='bbox 391 1774 490 1830; x_wconf 88' lang='lat' dir='ltr'>metus</span> <span class='ocrx_word' id='word_1_138' title='bbox 519 1771 549 1828; x_wconf 94' lang='lat' dir='ltr'>in</span> <span class='ocrx_word' id='word_1_139' title='bbox 580 1768 671 1830; x_wconf 91' lang='lat' dir='ltr'>deum</span> <span class='ocrx_word' id='word_1_140' title='bbox 701 1771 910 1847; x_wconf 87' lang='lat' dir='ltr'>incorruptus,</span> <span class='ocrx_word' id='word_1_141' title='bbox 953 1772 1123 1832; x_wconf 89' lang='lat' dir='ltr'>naturalem</span> 
     </span>
     <span class='ocr_line' id='line_1_19' title="bbox 10 1854 1123 1934; baseline 0.002 -19"><span class='ocrx_word' id='word_1_142' title='bbox 10 1872 86 1921; x_wconf 74' lang='lat' dir='ltr'>xero</span> <span class='ocrx_word' id='word_1_143' title='bbox 115 1855 148 1915; x_wconf 87' lang='lat' dir='ltr'>ln</span> <span class='ocrx_word' id='word_1_144' title='bbox 181 1857 396 1929; x_wconf 87' lang='lat' dir='ltr'>,ascensione‘</span> <span class='ocrx_word' id='word_1_145' title='bbox 424 1854 605 1915; x_wconf 82' lang='lat' dir='ltr'>inoffensam</span> <span class='ocrx_word' id='word_1_146' title='bbox 633 1857 919 1932; x_wconf 88' lang='lat' dir='ltr'>contemplationem</span> <span class='ocrx_word' id='word_1_147' title='bbox 942 1874 1015 1934; x_wconf 89' lang='lat' dir='ltr'>spes</span> <span class='ocrx_word' id='word_1_148' title='bbox 1037 1859 1123 1917; x_wconf 86' lang='lat' dir='ltr'>firma</span> 
     </span>
     <span class='ocr_line' id='line_1_20' title="bbox 10 1940 1124 2018; baseline -0.004 -11"><span class='ocrx_word' id='word_1_149' title='bbox 10 1950 34 2007; x_wconf 82' lang='lat' dir='ltr'>rt</span> <span class='ocrx_word' id='word_1_150' title='bbox 58 1941 262 2004; x_wconf 87' lang='lat' dir='ltr'>immaculata</span> <span class='ocrx_word' id='word_1_151' title='bbox 283 1943 484 2018; x_wconf 86' lang='lat' dir='ltr'>conscientia,</span> <span class='ocrx_word' id='word_1_152' title='bbox 514 1940 737 2002; x_wconf 86' lang='lat' dir='ltr'>deificationem</span> <span class='ocrx_word' id='word_1_153' title='bbox 760 1944 892 2018; x_wconf 91' lang='lat' dir='ltr'>denique</span> <span class='ocrx_word' id='word_1_154' title='bbox 921 1945 951 2003; x_wconf 90' lang='lat' dir='ltr'>in</span> <span class='ocrx_word' id='word_1_155' title='bbox 984 1960 1124 2018; x_wconf 89' lang='lat' dir='ltr'>,essum-</span> 
     </span>
     <span class='ocr_line' id='line_1_21' title="bbox 10 2029 1124 2105; baseline -0.004 -12"><span class='ocrx_word' id='word_1_156' title='bbox 10 2032 134 2093; x_wconf 80' lang='lat' dir='ltr'>rttone‘</span> <span class='ocrx_word' id='word_1_157' title='bbox 162 2029 297 2105; x_wconf 82' lang='lat' dir='ltr'>perfeeto</span> <span class='ocrx_word' id='word_1_158' title='bbox 325 2029 437 2089; x_wconf 87' lang='lat' dir='ltr'>caritas</span> <span class='ocrx_word' id='word_1_159' title='bbox 465 2044 503 2089; x_wconf 90' lang='lat' dir='ltr'>ae</span> <span class='ocrx_word' id='word_1_160' title='bbox 527 2044 616 2088; x_wconf 90' lang='lat' dir='ltr'>mens</span> <span class='ocrx_word' id='word_1_161' title='bbox 638 2030 728 2089; x_wconf 87' lang='lat' dir='ltr'>rebus</span> <span class='ocrx_word' id='word_1_162' title='bbox 753 2044 832 2103; x_wconf 91' lang='lat' dir='ltr'>quae</span> <span class='ocrx_word' id='word_1_163' title='bbox 856 2036 928 2089; x_wconf 88' lang='lat' dir='ltr'>sunt</span> <span class='ocrx_word' id='word_1_164' title='bbox 949 2031 1070 2104; x_wconf 88' lang='lat' dir='ltr'>penitus</span> <span class='ocrx_word' id='word_1_165' title='bbox 1094 2035 1124 2089; x_wconf 91' lang='lat' dir='ltr'>et</span> 
     </span>
     <span class='ocr_line' id='line_1_22' title="bbox 10 2114 1123 2193; baseline -0.003 -18"><span class='ocrx_word' id='word_1_166' title='bbox 10 2117 106 2193; x_wconf 70' lang='lat' dir='ltr'>pinne</span> <span class='ocrx_word' id='word_1_167' title='bbox 128 2114 207 2176; x_wconf 90' lang='lat' dir='ltr'>ultro</span> <span class='ocrx_word' id='word_1_168' title='bbox 228 2115 384 2190; x_wconf 86' lang='lat' dir='ltr'>abdicata,</span> <span class='ocrx_word' id='word_1_169' title='bbox 415 2115 515 2191; x_wconf 87' lang='lat' dir='ltr'>Atque</span> <span class='ocrx_word' id='word_1_170' title='bbox 537 2115 655 2175; x_wconf 85' lang='lat' dir='ltr'>activae</span> <span class='ocrx_word' id='word_1_171' title='bbox 678 2115 800 2189; x_wconf 91' lang='lat' dir='ltr'>quidem</span> <span class='ocrx_word' id='word_1_172' title='bbox 823 2114 1036 2191; x_wconf 87' lang='lat' dir='ltr'>philosophiae</span> <span class='ocrx_word' id='word_1_173' title='bbox 1057 2131 1123 2175; x_wconf 91' lang='lat' dir='ltr'>rur-</span> 
     </span>
     <span class='ocr_line' id='line_1_23' title="bbox 10 2201 1124 2278; baseline -0.005 -11"><span class='ocrx_word' id='word_1_174' title='bbox 10 2220 67 2267; x_wconf 75' lang='lat' dir='ltr'>tus</span> <span class='ocrx_word' id='word_1_175' title='bbox 94 2216 169 2263; x_wconf 89' lang='lat' dir='ltr'>asse</span> <span class='ocrx_word' id='word_1_176' title='bbox 190 2201 295 2263; x_wconf 91' lang='lat' dir='ltr'>dicunt</span> <span class='ocrx_word' id='word_1_177' title='bbox 317 2204 448 2261; x_wconf 83' lang='lat' dir='ltr'>mentam</span> <span class='ocrx_word' id='word_1_178' title='bbox 467 2201 603 2276; x_wconf 84' lang='lat' dir='ltr'>passioni</span> <span class='ocrx_word' id='word_1_179' title='bbox 623 2201 788 2261; x_wconf 83' lang='lat' dir='ltr'>obnoxiam</span> <span class='ocrx_word' id='word_1_180' title='bbox 808 2203 890 2261; x_wconf 93' lang='lat' dir='ltr'>omni</span> <span class='ocrx_word' id='word_1_181' title='bbox 907 2202 1124 2278; x_wconf 88' lang='lat' dir='ltr'>imaginatione</span> 
     </span>
     <span class='ocr_line' id='line_1_24' title="bbox 10 2287 1124 2364; baseline -0.005 -11"><span class='ocrx_word' id='word_1_182' title='bbox 10 2306 45 2353; x_wconf 81' lang='lat' dir='ltr'>tc</span> <span class='ocrx_word' id='word_1_183' title='bbox 77 2287 213 2349; x_wconf 87' lang='lat' dir='ltr'>seculari</span> <span class='ocrx_word' id='word_1_184' title='bbox 240 2305 352 2364; x_wconf 89' lang='lat' dir='ltr'>pompa</span> <span class='ocrx_word' id='word_1_185' title='bbox 379 2288 523 2363; x_wconf 90' lang='lat' dir='ltr'>liberare,</span> <span class='ocrx_word' id='word_1_186' title='bbox 555 2288 705 2348; x_wconf 87' lang='lat' dir='ltr'>naturalis</span> <span class='ocrx_word' id='word_1_187' title='bbox 735 2291 837 2348; x_wconf 89' lang='lat' dir='ltr'>autem</span> <span class='ocrx_word' id='word_1_188' title='bbox 860 2288 1124 2363; x_wconf 87' lang='lat' dir='ltr'>contemplationis</span> 
     </span>
     <span class='ocr_line' id='line_1_25' title="bbox 10 2375 1125 2450; baseline -0.005 -11"><span class='ocrx_word' id='word_1_189' title='bbox 10 2377 99 2439; x_wconf 76' lang='lat' dir='ltr'>mni</span> <span class='ocrx_word' id='word_1_190' title='bbox 120 2390 189 2435; x_wconf 89' lang='lat' dir='ltr'>earn</span> <span class='ocrx_word' id='word_1_191' title='bbox 210 2390 313 2435; x_wconf 88' lang='lat' dir='ltr'>rerum</span> <span class='ocrx_word' id='word_1_192' title='bbox 336 2390 397 2449; x_wconf 89' lang='lat' dir='ltr'>qua</span> <span class='ocrx_word' id='word_1_193' title='bbox 419 2390 515 2434; x_wconf 88' lang='lat' dir='ltr'>causa</span> <span class='ocrx_word' id='word_1_194' title='bbox 537 2375 672 2436; x_wconf 89' lang='lat' dir='ltr'>existant</span> <span class='ocrx_word' id='word_1_195' title='bbox 693 2390 767 2434; x_wconf 87' lang='lat' dir='ltr'>vera</span> <span class='ocrx_word' id='word_1_196' title='bbox 789 2375 962 2450; x_wconf 89' lang='lat' dir='ltr'>cognitione</span> <span class='ocrx_word' id='word_1_197' title='bbox 979 2375 1125 2444; x_wconf 83' lang='lat' dir='ltr'>imbuere,</span> 
     </span>
    </p>
   </div>
   <div class='ocr_carea' id='block_1_3' title="bbox 10 2459 1221 2539">
    <p class='ocr_par' dir='ltr' id='par_1_3' title="bbox 10 2459 1221 2539">
     <span class='ocr_line' id='line_1_26' title="bbox 10 2459 1221 2539; baseline -0.004 -14"><span class='ocrx_word' id='word_1_198' title='bbox 10 2461 208 2539; x_wconf 73' lang='lat' dir='ltr'>beobgiom</span> <span class='ocrx_word' id='word_1_199' title='bbox 237 2459 369 2536; x_wconf 90' lang='lat' dir='ltr'>denique</span> <span class='ocrx_word' id='word_1_200' title='bbox 397 2461 573 2521; x_wconf 85' lang='lat' dir='ltr'>initiationis</span> <span class='ocrx_word' id='word_1_201' title='bbox 603 2465 633 2520; x_wconf 93' lang='lat' dir='ltr'>et</span> <span class='ocrx_word' id='word_1_202' title='bbox 662 2461 871 2520; x_wconf 87' lang='lat' dir='ltr'>instructionis</span> <span class='ocrx_word' id='word_1_203' title='bbox 900 2476 969 2519; x_wconf 88' lang='lat' dir='ltr'>eam</span> <span class='ocrx_word' id='word_1_204' title='bbox 990 2460 1049 2520; x_wconf 91' lang='lat' dir='ltr'>deo</span> <span class='ocrx_word' id='word_1_205' title='bbox 1072 2474 1125 2520; x_wconf 87' lang='lat' dir='ltr'>ae·</span> <span class='ocrx_word' id='word_1_206' title='bbox 1217 2498 1221 2505; x_wconf 87' lang='lat'>-</span> 
     </span>
    </p>
   </div>
   <div class='ocr_carea' id='block_1_4' title="bbox 10 2545 1126 2797">
    <p class='ocr_par' dir='ltr' id='par_1_4' title="bbox 10 2545 1126 2797">
     <span class='ocr_line' id='line_1_27' title="bbox 10 2545 1124 2626; baseline -0.001 -18"><span class='ocrx_word' id='word_1_207' title='bbox 10 2547 137 2626; x_wconf 71' lang='lat' dir='ltr'>qualem</span> <span class='ocrx_word' id='word_1_208' title='bbox 165 2551 196 2607; x_wconf 91' lang='lat' dir='ltr'>et</span> <span class='ocrx_word' id='word_1_209' title='bbox 223 2562 345 2623; x_wconf 87' lang='lat' dir='ltr'>parem,</span> <span class='ocrx_word' id='word_1_210' title='bbox 375 2552 527 2623; x_wconf 88' lang='lat' dir='ltr'>quatenus</span> <span class='ocrx_word' id='word_1_211' title='bbox 555 2548 640 2621; x_wconf 91' lang='lat' dir='ltr'>licet,</span> <span class='ocrx_word' id='word_1_212' title='bbox 671 2548 769 2623; x_wconf 63' lang='lat' dir='ltr'>maiia</span> <span class='ocrx_word' id='word_1_213' title='bbox 796 2545 966 2607; x_wconf 88' lang='lat' dir='ltr'>secundum</span> <span class='ocrx_word' id='word_1_214' title='bbox 987 2547 1124 2607; x_wconf 87' lang='lat' dir='ltr'>habitum</span> 
     </span>
     <span class='ocr_line' id='line_1_28' title="bbox 10 2633 1126 2708; baseline -0.005 -11"><span class='ocrx_word' id='word_1_215' title='bbox 10 2633 160 2708; x_wconf 83' lang='lat' dir='ltr'>reddere,</span> <span class='ocrx_word' id='word_1_216' title='bbox 193 2633 272 2694; x_wconf 90' lang='lat' dir='ltr'>adeo</span> <span class='ocrx_word' id='word_1_217' title='bbox 300 2639 334 2694; x_wconf 91' lang='lat' dir='ltr'>ut</span> <span class='ocrx_word' id='word_1_218' title='bbox 363 2634 423 2692; x_wconf 86' lang='lat' dir='ltr'>iarn</span> <span class='ocrx_word' id='word_1_219' title='bbox 455 2649 658 2708; x_wconf 86' lang='lat' dir='ltr'>quaecunque</span> <span class='ocrx_word' id='word_1_220' title='bbox 684 2638 755 2708; x_wconf 94' lang='lat' dir='ltr'>post</span> <span class='ocrx_word' id='word_1_221' title='bbox 783 2634 876 2693; x_wconf 89' lang='lat' dir='ltr'>deum</span> <span class='ocrx_word' id='word_1_222' title='bbox 906 2638 981 2693; x_wconf 92' lang='lat' dir='ltr'>sunt</span> <span class='ocrx_word' id='word_1_223' title='bbox 1001 2637 1126 2708; x_wconf 88' lang='lat' dir='ltr'>propter</span> 
     </span>
     <span class='ocr_line' id='line_1_29' title="bbox 10 2720 473 2797; baseline -0.015 -12"><span class='ocrx_word' id='word_1_224' title='bbox 10 2720 211 2785; x_wconf 77' lang='lat' dir='ltr'>eminentiam</span> <span class='ocrx_word' id='word_1_225' title='bbox 234 2720 326 2796; x_wconf 88' lang='lat' dir='ltr'>plane</span> <span class='ocrx_word' id='word_1_226' title='bbox 347 2721 473 2797; x_wconf 90' lang='lat' dir='ltr'>ignoret.</span> 
     </span>
    </p>
   </div>
   <div class='ocr_carea' id='block_1_5' title="bbox 10 2899 1125 3210">
    <p class='ocr_par' dir='ltr' id='par_1_5' title="bbox 10 2899 1125 3210">
     <span class='ocr_line' id='line_1_30' title="bbox 10 2899 1123 2994; baseline -0.006 -12"><span class='ocrx_word' id='word_1_227' title='bbox 10 2904 70 2983; x_wconf 73' lang='lat' dir='ltr'>Ex</span> <span class='ocrx_word' id='word_1_228' title='bbox 91 2904 224 2979; x_wconf 88' lang='lat' dir='ltr'>eodem</span> <span class='ocrx_word' id='word_1_229' title='bbox 244 2926 428 2994; x_wconf 88' lang='lat' dir='ltr'>sermone,</span> <span class='ocrx_word' id='word_1_230' title='bbox 461 2903 501 2976; x_wconf 91' lang='lat' dir='ltr'>in</span> <span class='ocrx_word' id='word_1_231' title='bbox 523 2900 640 2992; x_wconf 90' lang='lat' dir='ltr'>illud,</span> <span class='ocrx_word' id='word_1_232' title='bbox 676 2899 773 2994; x_wconf 88' lang='lat' dir='ltr'>,Nec</span> <span class='ocrx_word' id='word_1_233' title='bbox 796 2899 844 2973; x_wconf 86' lang='lat' dir='ltr'>ab</span> <span class='ocrx_word' id='word_1_234' title='bbox 868 2901 1009 2975; x_wconf 89' lang='lat' dir='ltr'>mundo</span> <span class='ocrx_word' id='word_1_235' title='bbox 1033 2901 1123 2976; x_wconf 81' lang='lat' dir='ltr'>infe·</span> 
     </span>
     <span class='ocr_line' id='line_1_31' title="bbox 28 3001 1125 3107; baseline -0.008 -22"><span class='ocrx_word' id='word_1_236' title='bbox 28 3030 32 3037; x_wconf 84' lang='lat'><em>·</em></span> <span class='ocrx_word' id='word_1_237' title='bbox 61 3008 156 3085; x_wconf 86' lang='lat' dir='ltr'>riori</span> <span class='ocrx_word' id='word_1_238' title='bbox 176 3031 281 3107; x_wconf 88' lang='lat' dir='ltr'>posse</span> <span class='ocrx_word' id='word_1_239' title='bbox 303 3007 384 3106; x_wconf 83' lang='lat' dir='ltr'>capi</span> <span class='ocrx_word' id='word_1_240' title='bbox 403 3004 556 3079; x_wconf 84' lang='lat' dir='ltr'>Ioannes</span> <span class='ocrx_word' id='word_1_241' title='bbox 570 3001 687 3078; x_wconf 85' lang='lat' dir='ltr'>Verbi</span> <span class='ocrx_word' id='word_1_242' title='bbox 708 3026 924 3105; x_wconf 87' lang='lat' dir='ltr'>praecursor</span> <span class='ocrx_word' id='word_1_243' title='bbox 940 3014 975 3080; x_wconf 86' lang='lat' dir='ltr'>et</span> <span class='ocrx_word' id='word_1_244' title='bbox 991 3029 1125 3104; x_wconf 84' lang='lat' dir='ltr'>magna</span> 
     </span>
     <span class='ocr_line' id='line_1_32' title="bbox 60 3108 625 3210; baseline -0.016 -21"><span class='ocrx_word' id='word_1_245' title='bbox 60 3111 231 3189; x_wconf 73' lang='lat' dir='ltr'>verinus</span> <span class='ocrx_word' id='word_1_246' title='bbox 252 3134 327 3186; x_wconf 86' lang='lat' dir='ltr'>vox</span> <span class='ocrx_word' id='word_1_247' title='bbox 349 3108 625 3210; x_wconf 81' lang='lat' dir='ltr'>pronuntiavit‘</span> 
     </span>
    </p>
   </div>
   <div class='ocr_carea' id='block_1_6' title="bbox 10 3245 1128 4493">
    <p class='ocr_par' dir='ltr' id='par_1_6' title="bbox 10 3245 1128 4493">
     <span class='ocr_line' id='line_1_33' title="bbox 122 3245 1124 3323; baseline -0.002 -16"><span class='ocrx_word' id='word_1_248' title='bbox 122 3245 332 3323; x_wconf 85' lang='lat' dir='ltr'>Opportunum</span> <span class='ocrx_word' id='word_1_249' title='bbox 350 3252 417 3307; x_wconf 90' lang='lat' dir='ltr'>erat</span> <span class='ocrx_word' id='word_1_250' title='bbox 433 3252 466 3307; x_wconf 89' lang='lat' dir='ltr'>ut</span> <span class='ocrx_word' id='word_1_251' title='bbox 484 3253 514 3306; x_wconf 90' lang='lat' dir='ltr'>et</span> <span class='ocrx_word' id='word_1_252' title='bbox 533 3262 591 3322; x_wconf 89' lang='lat' dir='ltr'>ego</span> <span class='ocrx_word' id='word_1_253' title='bbox 610 3249 751 3306; x_wconf 88' lang='lat' dir='ltr'>sanctum</span> <span class='ocrx_word' id='word_1_254' title='bbox 768 3245 852 3305; x_wconf 90' lang='lat' dir='ltr'>hunc</span> <span class='ocrx_word' id='word_1_255' title='bbox 869 3250 960 3320; x_wconf 90' lang='lat' dir='ltr'>atque</span> <span class='ocrx_word' id='word_1_256' title='bbox 978 3261 1124 3322; x_wconf 90' lang='lat' dir='ltr'>maguum</span> 
     </span>
     <span class='ocr_line' id='line_1_34' title="bbox 10 3331 1125 3411; baseline -0.008 -12"><span class='ocrx_word' id='word_1_257' title='bbox 10 3333 153 3399; x_wconf 77' lang='lat' dir='ltr'>ueritatis</span> <span class='ocrx_word' id='word_1_258' title='bbox 173 3333 373 3411; x_wconf 88' lang='lat' dir='ltr'>magistrum,</span> <span class='ocrx_word' id='word_1_259' title='bbox 403 3348 473 3392; x_wconf 90' lang='lat' dir='ltr'>cum</span> <span class='ocrx_word' id='word_1_260' title='bbox 495 3333 735 3410; x_wconf 81' lang='lat' dir='ltr'>magnitudinem</span> <span class='ocrx_word' id='word_1_261' title='bbox 757 3333 927 3408; x_wconf 89' lang='lat' dir='ltr'>sapientiae</span> <span class='ocrx_word' id='word_1_262' title='bbox 949 3331 1081 3391; x_wconf 88' lang='lat' dir='ltr'>viderem</span> <span class='ocrx_word' id='word_1_263' title='bbox 1106 3347 1125 3391; x_wconf 89' lang='lat' dir='ltr'>a</span> 
     </span>
     <span class='ocr_line' id='line_1_35' title="bbox 10 3417 1125 3496; baseline -0.007 -11"><span class='ocrx_word' id='word_1_264' title='bbox 10 3423 73 3485; x_wconf 87' lang='lat' dir='ltr'>deo</span> <span class='ocrx_word' id='word_1_265' title='bbox 95 3420 126 3480; x_wconf 91' lang='lat' dir='ltr'>ei</span> <span class='ocrx_word' id='word_1_266' title='bbox 146 3418 255 3491; x_wconf 87' lang='lat' dir='ltr'>datae,</span> <span class='ocrx_word' id='word_1_267' title='bbox 288 3420 330 3479; x_wconf 90' lang='lat' dir='ltr'>ita</span> <span class='ocrx_word' id='word_1_268' title='bbox 353 3419 524 3494; x_wconf 84' lang='lat' dir='ltr'>alloquerer</span> <span class='ocrx_word' id='word_1_269' title='bbox 544 3425 578 3480; x_wconf 93' lang='lat' dir='ltr'>ut</span> <span class='ocrx_word' id='word_1_270' title='bbox 598 3417 693 3479; x_wconf 86' lang='lat' dir='ltr'>David</span> <span class='ocrx_word' id='word_1_271' title='bbox 717 3419 934 3494; x_wconf 88' lang='lat' dir='ltr'>prophetarum</span> <span class='ocrx_word' id='word_1_272' title='bbox 957 3432 1125 3496; x_wconf 88' lang='lat' dir='ltr'>regumque</span> 
     </span>
     <span class='ocr_line' id='line_1_36' title="bbox 10 3505 1125 3584; baseline -0.004 -16"><span class='ocrx_word' id='word_1_273' title='bbox 10 3507 262 3584; x_wconf 82' lang='lat' dir='ltr'>insignissimus,</span> <span class='ocrx_word' id='word_1_274' title='bbox 291 3505 399 3580; x_wconf 90' lang='lat' dir='ltr'>deum,</span> <span class='ocrx_word' id='word_1_275' title='bbox 430 3505 576 3566; x_wconf 86' lang='lat' dir='ltr'>infinitam</span> <span class='ocrx_word' id='word_1_276' title='bbox 606 3505 672 3566; x_wconf 90' lang='lat' dir='ltr'>eius</span> <span class='ocrx_word' id='word_1_277' title='bbox 695 3505 725 3563; x_wconf 94' lang='lat' dir='ltr'>in</span> <span class='ocrx_word' id='word_1_278' title='bbox 748 3507 891 3566; x_wconf 90' lang='lat' dir='ltr'>omnibus</span> <span class='ocrx_word' id='word_1_279' title='bbox 914 3506 1009 3566; x_wconf 86' lang='lat' dir='ltr'>rebus</span> <span class='ocrx_word' id='word_1_280' title='bbox 1030 3505 1125 3565; x_wconf 90' lang='lat' dir='ltr'>maie·</span> 
     </span>
     <span class='ocr_line' id='line_1_37' title="bbox 10 3590 1126 3673; baseline -0.007 -16"><span class='ocrx_word' id='word_1_281' title='bbox 10 3598 127 3657; x_wconf 77' lang='lat' dir='ltr'>sutem</span> <span class='ocrx_word' id='word_1_282' title='bbox 154 3592 340 3673; x_wconf 67' lang='lat' dir='ltr'>admuatug,</span> <span class='ocrx_word' id='word_1_283' title='bbox 372 3590 475 3651; x_wconf 88' lang='lat' dir='ltr'>divino</span> <span class='ocrx_word' id='word_1_284' title='bbox 503 3593 627 3653; x_wconf 87' lang='lat' dir='ltr'>nurnine</span> <span class='ocrx_word' id='word_1_285' title='bbox 656 3590 767 3668; x_wconf 87' lang='lat' dir='ltr'>plenus</span> <span class='ocrx_word' id='word_1_286' title='bbox 789 3591 911 3667; x_wconf 91' lang='lat' dir='ltr'>dicens,</span> <span class='ocrx_word' id='word_1_287' title='bbox 944 3590 1126 3668; x_wconf 87' lang='lat' dir='ltr'>,Mirabilior</span> 
     </span>
     <span class='ocr_line' id='line_1_38' title="bbox 10 3678 1126 3755; baseline -0.007 -12"><span class='ocrx_word' id='word_1_288' title='bbox 10 3680 96 3743; x_wconf 73' lang='lat' dir='ltr'>aete</span> <span class='ocrx_word' id='word_1_289' title='bbox 118 3683 168 3739; x_wconf 86' lang='lat' dir='ltr'>est</span> <span class='ocrx_word' id='word_1_290' title='bbox 186 3680 231 3739; x_wconf 91' lang='lat' dir='ltr'>tui</span> <span class='ocrx_word' id='word_1_291' title='bbox 252 3678 402 3755; x_wconf 87' lang='lat' dir='ltr'>cognitio,</span> <span class='ocrx_word' id='word_1_292' title='bbox 436 3683 467 3740; x_wconf 92' lang='lat' dir='ltr'>at</span> <span class='ocrx_word' id='word_1_293' title='bbox 486 3679 629 3752; x_wconf 90' lang='lat' dir='ltr'>invaluit,</span> <span class='ocrx_word' id='word_1_294' title='bbox 662 3692 755 3753; x_wconf 89' lang='lat' dir='ltr'>quam</span> <span class='ocrx_word' id='word_1_295' title='bbox 776 3683 811 3737; x_wconf 91' lang='lat' dir='ltr'>ut</span> <span class='ocrx_word' id='word_1_296' title='bbox 833 3679 861 3738; x_wconf 89' lang='lat' dir='ltr'>el</span> <span class='ocrx_word' id='word_1_297' title='bbox 884 3678 1033 3738; x_wconf 86' lang='lat' dir='ltr'>sufficiam</span> <span class='ocrx_word' id='word_1_298' title='bbox 1044 3682 1062 3752; x_wconf 89' lang='lat'>‘,</span> <span class='ocrx_word' id='word_1_299' title='bbox 1086 3681 1126 3736; x_wconf 87' lang='lat' dir='ltr'>ut</span> 
     </span>
     <span class='ocr_line' id='line_1_39' title="bbox 10 3762 1125 3840; baseline -0.006 -13"><span class='ocrx_word' id='word_1_300' title='bbox 10 3768 132 3827; x_wconf 86' lang='lat' dir='ltr'>iustum</span> <span class='ocrx_word' id='word_1_301' title='bbox 154 3769 237 3840; x_wconf 81' lang='lat' dir='ltr'>enat,</span> <span class='ocrx_word' id='word_1_302' title='bbox 265 3765 398 3825; x_wconf 86' lang='lat' dir='ltr'>maxime</span> <span class='ocrx_word' id='word_1_303' title='bbox 420 3780 489 3825; x_wconf 91' lang='lat' dir='ltr'>cum</span> <span class='ocrx_word' id='word_1_304' title='bbox 512 3763 692 3825; x_wconf 88' lang='lat' dir='ltr'>admirando</span> <span class='ocrx_word' id='word_1_305' title='bbox 716 3762 815 3822; x_wconf 89' lang='lat' dir='ltr'>solum</span> <span class='ocrx_word' id='word_1_306' title='bbox 833 3764 1125 3837; x_wconf 88' lang='lat' dir='ltr'>incircumscriptam</span> 
     </span>
     <span class='ocr_line' id='line_1_40' title="bbox 10 3849 1125 3926; baseline -0.007 -11"><span class='ocrx_word' id='word_1_307' title='bbox 10 3851 265 3915; x_wconf 77' lang='lat' dir='ltr'>circumscribens</span> <span class='ocrx_word' id='word_1_308' title='bbox 286 3854 447 3911; x_wconf 86' lang='lat' dir='ltr'>conaretur</span> <span class='ocrx_word' id='word_1_309' title='bbox 468 3855 666 3926; x_wconf 84' lang='lat' dir='ltr'>potestatem,</span> <span class='ocrx_word' id='word_1_310' title='bbox 697 3864 755 3908; x_wconf 93' lang='lat' dir='ltr'>nec</span> <span class='ocrx_word' id='word_1_311' title='bbox 783 3863 914 3924; x_wconf 88' lang='lat' dir='ltr'>usquam</span> <span class='ocrx_word' id='word_1_312' title='bbox 944 3849 1023 3909; x_wconf 89' lang='lat' dir='ltr'>alias</span> <span class='ocrx_word' id='word_1_313' title='bbox 1044 3849 1125 3907; x_wconf 87' lang='lat' dir='ltr'>circa</span> 
     </span>
     <span class='ocr_line' id='line_1_41' title="bbox 10 3934 1127 4014; baseline -0.009 -13"><span class='ocrx_word' id='word_1_314' title='bbox 10 3954 84 4013; x_wconf 82' lang='lat' dir='ltr'>ree,</span> <span class='ocrx_word' id='word_1_315' title='bbox 108 3950 186 4011; x_wconf 87' lang='lat' dir='ltr'>ques</span> <span class='ocrx_word' id='word_1_316' title='bbox 208 3938 334 4014; x_wconf 84' lang='lat' dir='ltr'>assequi</span> <span class='ocrx_word' id='word_1_317' title='bbox 354 3952 416 3997; x_wconf 91' lang='lat' dir='ltr'>uon</span> <span class='ocrx_word' id='word_1_318' title='bbox 437 3953 622 4012; x_wconf 89' lang='lat' dir='ltr'>possumus,</span> <span class='ocrx_word' id='word_1_319' title='bbox 652 3950 766 4012; x_wconf 90' lang='lat' dir='ltr'>vagum</span> <span class='ocrx_word' id='word_1_320' title='bbox 788 3939 820 3994; x_wconf 91' lang='lat' dir='ltr'>et</span> <span class='ocrx_word' id='word_1_321' title='bbox 841 3935 983 3996; x_wconf 92' lang='lat' dir='ltr'>mobilem</span> <span class='ocrx_word' id='word_1_322' title='bbox 1006 3934 1127 3993; x_wconf 89' lang='lat' dir='ltr'>animae</span> 
     </span>
     <span class='ocr_line' id='line_1_42' title="bbox 10 4019 1125 4105; baseline -0.007 -20"><span class='ocrx_word' id='word_1_323' title='bbox 10 4023 149 4105; x_wconf 64' lang='grc' dir='ltr'>μιὼιιιι</span> <span class='ocrx_word' id='word_1_324' title='bbox 170 4024 279 4084; x_wconf 84' lang='lat' dir='ltr'>sistere</span> <span class='ocrx_word' id='word_1_325' title='bbox 301 4023 442 4095; x_wconf 85' lang='lat' dir='ltr'>heberet,</span> <span class='ocrx_word' id='word_1_326' title='bbox 463 4056 506 4069; x_wconf 89' lang='lat'><em>-</em></span> <span class='ocrx_word' id='word_1_327' title='bbox 529 4029 560 4084; x_wconf 90' lang='lat' dir='ltr'>et</span> <span class='ocrx_word' id='word_1_328' title='bbox 580 4027 617 4083; x_wconf 90' lang='lat' dir='ltr'>ut</span> <span class='ocrx_word' id='word_1_329' title='bbox 637 4037 696 4099; x_wconf 85' lang='lat' dir='ltr'>ego</span> <span class='ocrx_word' id='word_1_330' title='bbox 718 4034 856 4095; x_wconf 88' lang='lat' dir='ltr'>quoque,</span> <span class='ocrx_word' id='word_1_331' title='bbox 884 4026 918 4081; x_wconf 94' lang='lat' dir='ltr'>ut</span> <span class='ocrx_word' id='word_1_332' title='bbox 940 4020 1018 4093; x_wconf 89' lang='lat' dir='ltr'>dixi,</span> <span class='ocrx_word' id='word_1_333' title='bbox 1049 4019 1125 4080; x_wconf 85' lang='lat' dir='ltr'>satis</span> 
     </span>
     <span class='ocr_line' id='line_1_43' title="bbox 10 4106 1126 4184; baseline -0.009 -10"><span class='ocrx_word' id='word_1_334' title='bbox 10 4112 165 4174; x_wconf 68' lang='lat' dir='ltr'>benonin</span> <span class='ocrx_word' id='word_1_335' title='bbox 186 4126 226 4170; x_wconf 89' lang='lat' dir='ltr'>cx</span> <span class='ocrx_word' id='word_1_336' title='bbox 249 4109 450 4170; x_wconf 84' lang='lat' dir='ltr'>admiratione</span> <span class='ocrx_word' id='word_1_337' title='bbox 472 4108 621 4184; x_wconf 87' lang='lat' dir='ltr'>sapientis</span> <span class='ocrx_word' id='word_1_338' title='bbox 642 4107 782 4184; x_wconf 87' lang='lat' dir='ltr'>magistri</span> <span class='ocrx_word' id='word_1_339' title='bbox 803 4106 1030 4184; x_wconf 83' lang='lat' dir='ltr'>intellegentiae</span> <span class='ocrx_word' id='word_1_340' title='bbox 1053 4121 1126 4165; x_wconf 90' lang='lat' dir='ltr'>san·</span> 
     </span>
     <span class='ocr_line' id='line_1_44' title="bbox 10 4191 1127 4269; baseline -0.009 -8"><span class='ocrx_word' id='word_1_341' title='bbox 10 4195 231 4261; x_wconf 69' lang='lat' dir='ltr'>umanum</span> <span class='ocrx_word' id='word_1_342' title='bbox 257 4195 440 4269; x_wconf 86' lang='lat' dir='ltr'>abstulisse,</span> <span class='ocrx_word' id='word_1_343' title='bbox 471 4211 528 4254; x_wconf 91' lang='lat' dir='ltr'>nec</span> <span class='ocrx_word' id='word_1_344' title='bbox 555 4194 684 4254; x_wconf 92' lang='lat' dir='ltr'>multum</span> <span class='ocrx_word' id='word_1_345' title='bbox 713 4207 890 4268; x_wconf 87' lang='lat' dir='ltr'>quaererem</span> <span class='ocrx_word' id='word_1_346' title='bbox 919 4191 1073 4268; x_wconf 90' lang='lat' dir='ltr'>quomodo</span> <span class='ocrx_word' id='word_1_347' title='bbox 1095 4199 1127 4253; x_wconf 89' lang='lat' dir='ltr'>et</span> 
     </span>
     <span class='ocr_line' id='line_1_45' title="bbox 10 4277 1128 4363; baseline -0.006 -19"><span class='ocrx_word' id='word_1_348' title='bbox 10 4292 86 4363; x_wconf 67' lang='lat' dir='ltr'>gu</span> <span class='ocrx_word' id='word_1_349' title='bbox 106 4282 241 4352; x_wconf 73' lang='lat' dir='ltr'>ratium,</span> <span class='ocrx_word' id='word_1_350' title='bbox 273 4297 351 4358; x_wconf 86' lang='lat' dir='ltr'>quae</span> <span class='ocrx_word' id='word_1_351' title='bbox 378 4283 505 4342; x_wconf 86' lang='lat' dir='ltr'>nomina</span> <span class='ocrx_word' id='word_1_352' title='bbox 525 4281 630 4341; x_wconf 89' lang='lat' dir='ltr'>divina</span> <span class='ocrx_word' id='word_1_353' title='bbox 649 4296 710 4341; x_wconf 87' lang='lat' dir='ltr'>vox</span> <span class='ocrx_word' id='word_1_354' title='bbox 732 4280 847 4340; x_wconf 87' lang='lat' dir='ltr'>sanctis</span> <span class='ocrx_word' id='word_1_355' title='bbox 870 4280 1000 4357; x_wconf 84' lang='lat' dir='ltr'>mystice</span> <span class='ocrx_word' id='word_1_356' title='bbox 1019 4277 1128 4339; x_wconf 89' lang='lat' dir='ltr'>indidit</span> 
     </span>
     <span class='ocr_line' id='line_1_46' title="bbox 10 4363 1126 4441; baseline -0.003 -14"><span class='ocrx_word' id='word_1_357' title='bbox 10 4372 131 4435; x_wconf 75' lang='grc' dir='ltr'>ιωίη-</span> <span class='ocrx_word' id='word_1_358' title='bbox 151 4365 328 4440; x_wconf 71' lang='lat' dir='ltr'>historiam,</span> <span class='ocrx_word' id='word_1_359' title='bbox 361 4368 440 4429; x_wconf 88' lang='lat' dir='ltr'>inter</span> <span class='ocrx_word' id='word_1_360' title='bbox 461 4382 532 4429; x_wconf 85' lang='lat' dir='ltr'>sese</span> <span class='ocrx_word' id='word_1_361' title='bbox 554 4367 753 4441; x_wconf 74' lang='lat' dir='ltr'>consulerit,</span> <span class='ocrx_word' id='word_1_362' title='bbox 783 4366 876 4428; x_wconf 85' lang='lat' dir='ltr'>illium</span> <span class='ocrx_word' id='word_1_363' title='bbox 902 4366 1015 4427; x_wconf 80' lang='lat' dir='ltr'>tonitru</span> <span class='ocrx_word' id='word_1_364' title='bbox 1036 4363 1126 4426; x_wconf 89' lang='lat' dir='ltr'>loan-</span> 
     </span>
     <span class='ocr_line' id='line_1_47' title="bbox 10 4466 20 4493; baseline 0 0"><span class='ocrx_word' id='word_1_365' title='bbox 10 4466 20 4493; x_wconf 71' lang='lat' dir='ltr'>b</span> 
     </span>
    </p>
   </div>
   <div class='ocr_carea' id='block_1_7' title="bbox 0 0 1380 4778">
    <p class='ocr_par' dir='ltr' id='par_1_7' title="bbox 0 0 1380 4778">
     <span class='ocr_line' id='line_1_48' title="bbox 0 0 1380 4778; baseline 0 0"><span class='ocrx_word' id='word_1_366' title='bbox 0 0 1380 4778; x_wconf 95' lang='lat' dir='ltr'> </span> 
     </span>
    </p>
   </div>
  </div>
 </body>
</html>
