2768 4784
217 179 265 253 44

217 361 364 439 τοιοιλτός
393 389 440 439 τις
468 359 619 472 ύπάρχω,
648 364 701 425 καλ
732 361 784 438 τῆς
808 357 941 468 έφικτῆς
962 356 1151 470 άνθριιλποις
1172 360 1252 425 κατὰ
1277 361 1332 441 ²6!

216 453 384 536 παροιλσαν
421 447 499 527 ζωὴν
536 448 648 529 έπέβην
677 441 819 521 θείας’
800 444 989 554 ακρότητος,
1029 445 1187 553 αμελήσω
1208 449 1245 511 δὲ
1278 443 1333 543 '6⁶

218 538 387 606 θεοειδοιλς
416 533 568 611 ἕξεως,
554 531 688 616 εμαοτδν
715 530 798 642 πρὸς
827 531 881 610 τὴν
911 536 969 596 τού
998 531 1146 616 σώματος
1174 531 1333 613 ἑκουσίως

219 625 381 696 έπικλίνας
404 619 556 707 στοργῆν,
586 617 822 728 κριτεσπάσθην
836 624 996 726 βαρηθεὶς
1014 630 1083 694 ταῖς
1103 616 1280 702 πέδαις,”
1257 626 1333 698 ητον

219 720 287 784 ταῖς
315 713 480 792 φροντίσι,
515 712 569 771 καὶ
599 702 663 768 ιλπδ
692 705 815 770 θεοῦ
791 727 935 814 επεσον,
973 701 1015 780 ῶς
1042 704 1099 784 την
1126 711 1200 792 περὶ
1229 731 1277 790 μο

56 820 91 858 ει
106 821 147 858 οι.
162 799 272 874 μονῆς
298 798 466 902 βασιλείας
493 796 555 856 τῶν
586 785 729 874 οιλρανῶν
756 790 911 874 μέριμνάν
933 816 965 855 τε
988 799 1041 856 καὶ
1065 789 1190 901 ζητησιν
1211 705 1333 904 66⁸6

218 872 354 964 θέμις
335 904 390 961 ην,
418 877 454 987 τῇ
477 882 567 968 6666
587 881 666 960 λέγω
691 879 767 985 ζωῇ,
799 903 914 960 προςνε
916 879 996 960 μσς
1041 884 1095 943 καλ
1117 888 1187 954 ταῖς
1203 856 1333 988 6666*

218 1143 319 1244 μικῶς
340 1136 419 1203 κατὰ
443 1141 505 1202 τῶν
526 1094 644 1200 πάθῶν
666 1110 866 1219 ὡπλισμένος
887 1136 969 1243 εἰμὶ,
1005 1135 1099 1239 μγπω
1122 1141 1184 1244 τῶγ
1207 1133 1247 1201 δι’
1272 1135 1332 1202 αιλ·

219 1225 280 1291 τῶν
302 1224 385 1290 ἑλεῖν
402 1227 604 1333 βουλομένων
621 1222 764 1329 ἐχθρῶν
767 1226 920 1307 καθαρῶς
936 1218 1096 1299 ιλπαλύξας
1114 1222 1188 1299 τούς
1206 1222 1332 1304 δόλους,

219 1317 273 1378 καὶ
302 1313 421 1418 στέρξω
429 1306 649 1418 αλδιακρίιως
658 1308 693 1417 ιδ
716 1313 826 1393 σῶμα,
859 1307 1095 1418 κατεσχέθην
1079 1305 1130 1372 νπ’
1154 1306 1253 1375 αιλτοιλ
1275 1313 1333 1419 663

219 1405 293 1478 λον,
330 1393 372 1472 ῶς
406 1395 459 1474 τὴν
493 1395 575 1479 πρδς
611 1392 688 1459 αιλτδ
723 1399 847 1504 σχέσιν
868 1399 926 1460 τοιλ
953 1392 992 1459 δι’
1022 1392 1145 1503 ιλρετῆς
1161 1399 1333 1506 γωρισμολλ

219 1482 443 1588 προελόμενος.
495 1485 709 1547 Κατασπιλται
740 1473 797 1546 οιλν
826 1478 888 1586 ἄρα
919 1472 955 1546 6
967 1480 1207 1568 θεωρητικδς’
1192 1481 1333 1592 α’σχετος

220 1569 277 1648 666
300 1567 379 1634 κατά
403 1565 458 1647 τόν
480 1567 545 1644 ἕξιν
566 1567 736 1676 γινόμενος
755 1572 800 1656 16
822 1565 984 1677 ‹5666u‚
997 1571 1059 1632 τῶν
1080 1574 1180 1633 θείων
1203 1566 1332 1652 άμελῶν

220 1653 397 1738 θεαμάτων.
448 1658 625 1765 Κριτέχεται
654 1651 736 1762 66
718 1681 735 1720 ο
740 1652 938 1763 πρακτικός
967 1650 984 1718 6
1010 1658 1054 1742 τῶ
1074 1653 1200 1760 σάματι
1221 1657 1332 1765 6626-

219 1767 330 1826 μενος,
364 1740 508 1849 ἐνδιδούς
536 1745 573 1830 τῇ
600 1739 682 1845 πρός
711 1735 788 1805 αύτδ
818 1739 941 1848 πάλη,
957 1746 1011 1806 καὶ
1035 1744 1092 1805 τολ
1113 1752 1225 1806 πονεῖν
1247 1737 1330 1826 ιλπὲρ

220 1829 349 1936 άρετῆς,
384 1826 450 1907 λη’τις
472 1827 539 1894 666
560 1831 664 1918 ψυχῆς
687 1828 873 1913 ἐλευθερία,
907 1824 943 1892 τδ
966 1821 1137 1892 δούλαν
1105 1852 1187 1892 ειναι
1210 1831 1330 1893 παθῶν

221 1910 454 1997 ἐπιλεγόμενος.
526 1946 528 1950 ’

57 2095 213 2196 ¹7⁶⁰”66'6'6‘
206 2066 275 2139 ,Ἐκ
296 2071 364 2193 τριλ
382 2065 502 2194 66606
528 2063 660 2164 λόγοιν,
694 2067 744 2146 εἰς
765 2062 830 2154 ιδ,
869 2062 932 2144 Τίς
954 2061 976 2158 6
1000 2061 1082 2159 περὶ
1106 2062 1167 2158 ἐμὲ
1191 2067 1329 2210 σοφία,

58 2159 212 2247 ιδιιηιιι.
272 2167 335 2242 καλ
354 2166 390 2240 τί
411 2166 453 2240 τὸ
473 2167 569 2267 μέγα
594 2173 740 2260 τοῦνομ
725 2166 951 2262 μοστήριον;
979 2157 1231 2299 ἢβούλεται1
1241 2175 1327 2262 μοῖ-

60 2251 103 2288 ”²⁶
273 2299 344 2400 666
365 2269 464 2365 ἡμᾶς
487 2269 598 2350 ὄντας
596 2273 726 2454 ξθεοιλ,
756 2296 819 2341 και
807 2267 1035 2342 ἄνωθεν
1015 2267 1238 2396 ρειλσαντας,
1264 2273 1328 2347 ἵνα

59 2404 105 2445 ιιι
119 2407 133 2445 ι.
145 2398 212 2442 ιω..
273 2373 324 2469 ιιὴ
356 2370 419 2447 ιλιδι
447 2369 516 2468 τὴν
539 2365 615 2472 6³}
570 2399 592 2443 α
615 2369 677 2445 ίαν
710 2371 943 2498 ἐπαιρόμενοι
975 2368 1038 2443 καλ
1062 2370 1328 2469 μετεωριζόμε-

272 2505 331 2550 νοι
359 2480 658 2570 καταφρονῶμεν
692 2481 761 2548 τοῦ
792 2473 1013 2602 κτίσαντος,
1040 2474 1080 2546 έν
1102 2481 1148 2569 τῇ
1170 2476 1262 2572 πρὸς
1285 2478 1327 2552 τὸ

275 2586 382 2704 σῶμα
408 2573 505 2670 πάλῃ
525 2574 587 2648 καὶ
611 2572 713 2671 μάχη
737 2575 828 2674 πρὸς
849 2572 966 2649 αὐτὸν
992 2574 1049 2648 ολιι
1037 2573 1239 2671 βλέπειν,
1265 2581 1328 2654 καλ

272 2679 340 2775 τὴν
353 2677 648 2802 συνεζεογιιένην
658 2679 859 2753 άσθένειαν
869 2674 1132 2778 παιδογονίαν
1147 2676 1241 2754 εἶναι
1259 2690 1328 2757 τοῦ

273 2777 491 2876 ἀξιώματος.

330 2911 468 3022 Τούτοις
497 2917 578 2990 τινές
606 2906 843 3018 ἐντυγχάνοντες
871 2923 938 2990 τοῖς
966 2881 1096 2998 λόγοις,
1121 2916 1312 3026 μηδέγα,
1288 2945 1331 2996 ως

222 3000 343 3082 έοικεν,
378 2996 456 3109 6666
486 3005 543 3066 τοιλ
570 3012 681 3066 πονεῖν
708 3004 760 3079 τῆς
789 2999 986 3079 ζητήσεως“
970 3025 1072 3066 ενεκεν
1101 3005 1159 3067 τοιλ
1187 3000 1331 3083 άληθοιλς

188 3087 364 3196 μισθόν
376 3085 596 3171 ἐκδεχόμενοι,
625 3085 707 3191 πρός
735 3085 771 3150 ιδ
801 3085 933 3152 ειλκολον
954 3092 1008 3152 καὶ
1029 3087 1192 3165 πολλδς”
1173 3115 1251 3174 εχον
1272 3089 1330 3196 666

59 3199 93 3237 τι.
109 3200 149 3238 ιιι
165 3193 210 3244 με
223 3174 256 3239 ἐκ
277 3178 338 3238 τῶν
353 3170 542 3253 Ἑλληνικῶν
563 3173 780 3284 δογμάτων
750 3170 803 3249 τὰς
824 3172 976 3282 ρίφορμδις
997 3173 1244 3285 καταφεύγουσι,
1266 3178 1331 3280 φά-

222 3286 351 3336 σκοντες
368 3259 422 3337 τήν
440 3264 474 3325 ιε’
490 3285 568 3325 ποτε
588 3285 688 3368 οοσογγ
705 3259 783 3324 κατὰ
806 3259 842 3325 τδ
866 3259 960 3369 δόξριν
979 3255 1089 3335 αύτοῖς
1110 3267 1171 3325 τῶν
1192 3262 1332 3346 λογικῶν

222 3347 320 3411 ένάδα
334 3342 447 3411 καθΗ
427 3372 464 3425 ην
483 3357 637 3455 σνμφγείς
656 3344 742 3420 ὄντες
758 3350 826 3453 θεῷ
844 3344 899 3425 τῆν
917 3345 950 3410 έν
968 3342 1053 3433 6616
1069 3345 1170 3430 μόνην
1191 3348 1333 3460 ’ἔχομεν

222 3439 276 3498 καὶ
303 3434 447 3517 λ’δρνσιν,
481 3436 609 3537 προςέτι
637 3459 671 3516 γε
698 3437 751 3495 καὶ
779 3431 832 3538 τρι
861 3435 1029 3539 γενομένην
1060 3438 1199 3512 κίνησιν,
1234 3429 1318 3511 ἐξ
1299 3462 1334 3516 ης

222 3522 439 3586 σκεδασθέντι
462 3518 679 3625 διαφόρως
645 3545 681 3582 τα
701 3515 813 3600 λογικά
832 3516 915 3601 πρὸς
931 3523 1053 3600 γένεσιν
1072 3522 1129 3583 τοιλ
1119 3527 1334 3628 σωματικοιλ

222 3604 335 3671 τούτον
366 3604 500 3713 κόρμοιι
512 3603 568 3669 τόν
590 3604 670 3670 θεόν
694 3603 773 3667 ἰδεῖν
795 3603 1054 3687 παρεσκεύασαν,
1084 3603 1182 3714 χάριν
1203 3613 1262 3672 τοιλ
1285 3609 1334 3674 έν-

223 3695 317 3770 δῆσαι
346 3687 424 3755 αιλτιλ
452 3690 599 3773 σῶμασιν
621 3691 674 3755 ἐπὶ
697 3695 834 3794 τιμωρίᾳ
856 3695 918 3756 τῶν
939 3695 1247 3799 προημαρτημένων,
1279 3693 1334 3766 δεδι

223 3775 342 3843 τούτων
374 3776 575 3843 αἰνίττεσθαι
606 3781 666 3841 τῶν
699 3775 802 3884 λόγων
831 3778 1012 3860 νομίζοντες
1041 3778 1095 3841 τόν
1125 3777 1332 3846 διδάσκαλον

217 3859 303 3927 3Ἀλλ
332 3859 488 3947 ιλγνόησαν
517 3859 559 3940 ῶς
589 3859 727 3927 άδύνατα
757 3858 965 3928 ιλποτίθενται
994 3869 1047 3928 καὶ
1077 3868 1138 3928 τῶν
1160 3861 1334 3974 66666666

222 3948 530 4057 καταστοχάζονται,
561 3948 671 4025 καθῶς
688 3946 815 4056 προίῶν
836 3949 915 4033 μετὰ
939 3954 995 4014 τοιλ
1017 3949 1141 4026 εἰκότος
1165 3948 1183 4016 6
1209 3949 1336 4033 άληθλης

223 4032 387 4110 αποδείξει
416 4032 525 4118 λόγος.
590 4036 637 4100 Ει
660 4034 720 4118 γδρ
752 4033 787 4099 τδ
816 4039 903 4100 θεῶν
934 4028 1099 4117 άκίνητον,
1134 4031 1177 4112 ῶς
1203 4036 1337 4106 πάντων

292 4205 318 4324 λ.
337 4199 581 4342 66666666'61„
601 4282 626 4327 et
645 4277 702 4327 οοδ.
725 4277 791 4328 Gud.
813 4275 878 4327 infra
897 4277 939 4329 fol.
957 4279 1014 4328 122.
1029 4279 1052 4328 b.
1073 4276 1174 4343 μοίρας
1192 4280 1250 4329 οοδ.
1265 4279 1333 4335 Gud.

224 4348 248 4396 2.
268 4343 382 4409 εἴχομεν
400 4344 441 4394 ed.
463 4345 518 4396 Gal.
547 4365 549 4368 ⁴
