2752 4778
104 398 264 474 tuitionem
300 403 498 472 superante,
519 394 646 456 aiterum
675 395 744 455 iidei
772 397 889 457 ratione
918 411 978 472 qua
1007 412 1209 473 quaecunque

104 489 239 546 caturam
267 488 359 559 atqua
387 482 588 559 cognitionem
618 486 764 558 superant
792 483 980 544 evincuntur.
1041 481 1210 566 sicigitur
1299 542 1303 549 .

104 572 311 648 procationem
342 568 443 644 quoad
473 568 536 628 tiari
564 569 662 644 potuit
691 566 822 629 solvisse
851 568 924 629 mihi
946 569 1076 647 videor„
1095 576 1126 631 nt
1147 582 1209 644 qua

104 656 158 721 tia
187 657 307 716 ratione
334 671 403 716 eam
431 664 570 716 enarrem
593 655 709 732 ignoro.
764 655 803 714 At
825 660 896 715 tuae
917 655 1050 716 fortasse
1072 655 1210 732 pbiloso-

104 742 191 809 ›triae
223 743 280 803 erit
309 747 362 802 aut
391 744 552 802 censuram
583 755 676 818 agere
705 756 811 801 eorum
840 755 920 815 quae
949 742 1119 818 disputavi,
1156 745 1210 803 aut

104 829 225 891 notiora
250 829 290 889 de
316 833 368 888 tuo
396 829 494 903 ipsius
522 843 604 902 penu
633 826 803 902 sapientius
831 828 968 889 invenire
990 834 1021 890 at
1043 841 1207 905 exponere,

104 921 125 978 tt
156 914 339 994 cognitionis
369 913 508 974 sublimis
537 913 696 988 omnisque
725 914 836 974 terreni
866 929 962 989 purae
990 915 1120 975 fructum
1145 929 1209 974 me·

104 1019 167 1063 tum
192 1001 425 1062 communicare.

104 1246 294 1341 Eiusdem,
321 1241 549 1337 exsecando
575 1241 614 1314 in
636 1238 866 1338 Baptismum
888 1265 1073 1336 sermone,
1099 1245 1140 1319 iu
1165 1244 1209 1318 il·
1371 1291 1374 1294 <

145 1349 237 1439 lud,
263 1344 445 1445 ,Triplex
468 1345 669 1419 nativitatis
691 1367 805 1442 genus
827 1345 990 1445 agnoscit
1010 1342 1209 1448 Scriptura,
1296 1368 1301 1374 ·
1364 1418 1372 1431 p

148 1452 308 1553 primam
325 1462 376 1523 ‘ex
402 1447 635 1547 corporibus,
669 1447 822 1522 alteram
845 1472 892 1524 ex
912 1447 1115 1549 baptismo,
1140 1458 1209 1525 ter·

147 1555 240 1631 tiam
272 1578 319 1628 ex
346 1552 632 1627 resurrectiones
690 1547 841 1642 ,Quibus
872 1545 1045 1651 deinceps
1071 1552 1211 1637 addens

149 1656 355 1749 nonnulla,
382 1665 418 1730 et
438 1655 648 1730 nativitates
669 1655 912 1755 interpretans
929 1658 1066 1756 pergite
1117 1657 1212 1750 ,Has

148 1776 260 1864 porro
284 1768 433 1834 cunctas
451 1759 659 1834 nativitates
678 1759 818 1832 honore
840 1785 862 1832 a
884 1753 1030 1833 Christo
1053 1770 1136 1836 meo
1161 1763 1210 1836 af·

104 1896 110 1905 ·
148 1869 265 1940 fectus
287 1865 402 1937 fuisse
424 1872 581 1955 constat,
609 1861 768 1960 primam
791 1862 943 1961 quidem
965 1887 1032 1961 per
1053 1864 1211 1962 primam

150 1967 261 2045 illam
293 1975 331 2042 et
362 1966 517 2042 vitalem
550 1964 854 2059 insufflationem,
896 1967 1096 2041 secundam
1122 1992 1210 2042 vero

128 2096 219 2174 ‚per
239 2070 525 2149 incarnationem
549 2079 584 2144 et
605 2067 848 2166 baptismum,
881 2069 1029 2144 tertiam
1052 2069 1211 2170 denique
1275 2164 1279 2169 ,

149 2199 218 2277 per
240 2175 546 2252 resurrectionem
573 2197 683 2271 quam
709 2172 789 2270 ipse
814 2172 1022 2270 auspicatus
1050 2181 1121 2264 est3
1141 2175 1210 2250 ui·

148 2281 288 2354 mirum
319 2279 415 2352 sicut
439 2277 705 2375 primogenitus
728 2276 769 2348 in
797 2269 928 2349 multis
949 2275 1126 2365 fratribus
1149 2301 1210 2358 ex·

148 2383 244 2477 sitit,
269 2381 321 2454 ita
342 2381 609 2480 primogenitus
630 2397 777 2479 quoque
800 2402 847 2452 ex
865 2379 1021 2454 mortuis
1032 2379 1211 2487 *fierinon

150 2486 392 2584 dedignatus!

209 2651 367 2725 Quomodo
394 2652 425 2710 in
454 2653 522 2711 istis
552 2648 673 2710 (finnus
696 2647 745 2708 hic
767 2651 914 2727 magister
935 2652 1107 2711 uberiorem
1125 2650 1212 2731 vide-

104 2750 149 2802 mr
181 2754 286 2800 eorum
316 2752 397 2811 quae
426 2742 519 2798 antea
542 2737 662 2798 dixerat
684 2736 890 2811 repetitionem
913 2736 1105 2799 instituisset
1148 2736 1213 2798 Tri·
1292 2804 1299 2814 ,

104 2828 179 2903 plice
206 2826 318 2886 etenim
342 2824 496 2884 nativitate
518 2816 670 2899 iudicata,
699 2823 796 2899 prima
819 2823 941 2897 putidam
963 2839 1003 2884 ex
1025 2825 1212 2902 corporibus,

104 2913 198 2974 altera
227 2927 267 2973 ex
292 2911 487 2987 baptismate,
523 2912 611 2970 tertia
634 2925 672 2969 ex
696 2910 932 2985 resurrectione,
957 2915 1113 2986 ,unquam
1137 2910 1228 2973 otii:

104 3016 166 3072 us,
188 3013 244 3083 per
265 2998 359 3056 verba
382 3011 461 3071 quae
483 2994 736 3072 superabundare
759 2995 920 3056 videantur
942 3003 972 3056 et
994 3002 1134 3073 quartam
1157 2999 1212 3060 ad-

104 3085 191 3154 ituit,
220 3083 342 3158 dicens,
377 3082 522 3159 ,Primam
552 3081 674 3157 quidem
697 3097 751 3156 per
772 3082 900 3158 primam
921 3081 1006 3142 illam
1030 3098 1067 3143 ac
1089 3083 1212 3144 vitalem

104 3168 362 3235 insufflationem!
407 3169 500 3229 Cuius
522 3170 602 3228 enim
625 3182 695 3229 cum
716 3168 813 3251 tribus
831 3168 960 3243 reliquis
985 3183 1053 3228 non.
1066 3168 1213 3230 memine-

104 3264 147 3319 rat
174 3257 397 3327 nativitatibus,
425 3248 472 3314 'de
504 3270 557 3325 ea,
595 3253 682 3330 quasi
715 3268 809 3333 supra
842 3253 1062 3331 significasset,
1099 3254 1214 3316 addidit
1242 3298 1246 3303 .

104 3345 223 3417 itcens,
262 3341 406 3417 ,Primam
437 3341 558 3416 quidem
580 3357 636 3417 per
658 3340 785 3416 primam
807 3339 891 3400 iiiam
915 3354 952 3399 ac
974 3341 1096 3401 vitatam
1116 3341 1214 3414 insui-

104 3429 278 3491 dationem.‘
329 3427 394 3500 Quo
424 3428 514 3504 igitur
543 3426 635 3487 modo
656 3427 804 3505 magister
824 3426 855 3487 id
877 3440 985 3487 revera
1007 3426 1119 3491 dixerit,
1139 3429 1214 3489 sciet
1292 3494 1298 3510 Ι

104 3516 194 3592 piane
216 3516 267 3590 qut
290 3515 400 3575 virtute
421 3514 504 3574 iilum
528 3514 722 3588 aequaverit,
753 3528 810 3572 nec
829 3512 934 3589 procul
954 3528 972 3573 a
991 3515 1128 3589 sapiente
1146 3515 1213 3575 eius

104 3610 203 3663 return
226 3601 396 3662 divinarum
414 3601 520 3676 peritia
541 3601 698 3660 abstiterit.
743 3597 804 3658 Sed
824 3606 974 3673 quatenus
986 3601 1052 3678 ¹'ego
1069 3600 1213 3678 intellego

104 3703 155 3764 pro
177 3687 285 3747 intirmi
308 3686 478 3763 intellectus
500 3686 560 3745 mei
583 3686 755 3771 debititate,
795 3688 855 3746 nori
879 3687 980 3746 otiosa
1000 3687 1120 3748 videtur
1142 3703 1213 3748 esse

104 3779 210 3851 puncta
237 3774 289 3834 illa
312 3788 391 3848 quac
413 3771 608 3855 superaddita
631 3777 678 3832 est
700 3771 859 3842 nativitas,
892 3773 985 3834 immo
1007 3775 1109 3849 potius
1132 3788 1215 3834 com-

104 3861 186 3937 plere
208 3876 304 3939 supra
326 3859 437 3931 dictam
460 3859 543 3919 iilam
567 3875 605 3919 ax
629 3857 805 3934 corporibus
836 3859 1040 3930 nativitatem,
1067 3861 1215 3936 interpre-
1260 3896 1264 3904 ·

104 3948 221 4024 torique
249 3946 368 4006 divinas
397 3946 427 4006 in
458 3947 651 4013 curationes
674 3958 712 4003 aa
734 3943 852 4003 modos.
898 3944 968 4017 Qut
989 3945 1069 4005 enim
1092 3950 1216 4022 propter

104 4032 213 4105 tactum
244 4035 376 4109 primum
405 4030 503 4093 Adam
532 4030 623 4092 homo
652 4029 716 4118 iteri
743 4029 903 4107 dignatus,
941 4031 1068 4108 eiusque
1098 4034 1214 4109 peccati

104 4120 199 4198 gratia
217 4119 357 4197 generari
379 4130 440 4179 non
463 4116 648 4194 dedignatus
671 4121 735 4185 est,
757 4132 813 4193 per
835 4117 1053 4203 factitationem
1074 4119 1101 4179 is
1125 4132 1215 4180 snam

104 4207 139 4267 nd
165 4222 235 4266 eum
259 4207 310 4280 qui
332 4203 441 4265 cecidit
463 4204 775 4277 condescensionem,
811 4219 867 4280 par
888 4200 1117 4281 generationem
1141 4220 1214 4266 vero
1299 4239 1302 4244 ·

104 4283 304 4356 voluntariam
332 4306 424 4352 suam.
444 4290 682 4351 exinanitionem
705 4290 736 4348 in
760 4291 826 4349 eins
850 4291 901 4366 qui
923 4290 1144 4352 condemnatus
1167 4297 1216 4352 est

104 4381 230 4458 gratiam
264 4374 451 4454 designavit:
488 4377 674 4438 factitatione
710 4375 834 4454 qrt'tdem
866 4377 1051 4440 naturaiiter
1081 4378 1122 4438 iu
1143 4375 1239 4435 idem
1309 4440 1315 4447 ,
