2752 4778
1151 182 1288 268 otu,

120 377 158 421 m
186 361 235 422 ad
261 375 354 421 suum
374 359 468 418 tinem
489 358 699 434 festinantem,
723 356 795 434 ⁴qui
815 377 934 421 sacram
954 361 1228 429 divinorumnobis

120 448 331 525 psteriorunr
354 445 514 505 scientiam
533 460 620 506 sacre
638 446 886 522 introduxerunt;
909 455 962 507 ant
980 451 1175 528 passionem,
1196 455 1228 514 id
1245 501 1247 505 .

120 540 148 597 tt
180 539 311 595 motum
339 547 379 591 ex
407 529 502 591 altero
531 533 704 592 venientem
734 531 773 592 ad
796 533 942 608 alterum,
979 535 1066 595 euius
1088 539 1158 597 finis
1181 547 1230 600 est

120 619 363 698 npassibiiitas,
394 622 448 677 aut
476 619 684 692 operationem
713 619 859 695 activam,
891 621 977 680 euius
1006 621 1075 682 finis
1104 629 1153 684 est
1174 643 1229 702 per

120 709 276 785 eipsum
299 703 453 782 perfectio.
497 701 620 764 Nullum
641 720 714 765 vero
737 720 842 766 eorum
865 720 944 780 quae
967 706 1048 768 sucta
1070 718 1145 771 sunt
1166 714 1229 772 sui·

120 799 173 857 aot
195 793 272 855 linis
295 797 357 862 est,
393 789 538 865 qnoniam
561 804 660 864 neque
685 791 732 850 sui
756 797 939 867 consessa
974 792 1107 869 alioquin
1131 802 1160 857 et
1182 800 1229 857 in-

120 881 256 959 muitum
280 886 312 939 et
339 891 450 937 carens
479 876 626 952 principio
656 880 687 935 et
715 878 959 940 incommutabile
988 889 1087 955 esset,
1120 885 1228 943 merito

120 965 149 1028 a
180 964 305 1027 nullum
333 962 547 1039 quoquomodo
576 961 695 1022 habens
726 967 854 1040 movere
889 967 1120 1030 transcenderet
1148 971 1228 1030 eninr

120 1068 224 1115 orum
249 1065 328 1127 qnae
351 1055 424 1111 sunt
446 1052 603 1124 naturam,
638 1055 744 1124 utpote
766 1068 820 1127 pro
843 1050 927 1110 nullo
950 1057 1049 1127 esset;
1079 1054 1227 1130 siquidem

120 1155 188 1201 'era
212 1137 254 1200 de
274 1138 341 1212 ipso
364 1134 514 1205 delinitio,
543 1137 682 1209 quamvis
706 1134 822 1214 aliena,
858 1152 937 1212 quae
960 1137 1046 1213 dieit,
1078 1138 1159 1200 Finis
1182 1149 1229 1202 est

120 1242 168 1287 no
192 1240 257 1307 quo
278 1223 395 1296 omnia,
417 1222 485 1297 ipse
506 1235 579 1279 vero
602 1237 657 1296 pro
681 1222 772 1282 nullo.
818 1223 923 1298 Neque
945 1239 1000 1298 per
1022 1241 1056 1284 se
1074 1227 1228 1301 perfectio,

120 1312 254 1387 nioqnin
283 1324 344 1370 non
362 1307 545 1368 efficeretur
571 1307 637 1368 iure
664 1307 805 1384 plenum;
840 1317 869 1370 et
892 1309 1028 1370 similiter
1051 1318 1121 1372 eta
1144 1314 1228 1374 nidlo

120 1414 188 1460 esse
217 1396 363 1476 haberet;
396 1410 451 1470 per
479 1409 514 1454 se
537 1394 617 1452 enim
640 1394 821 1470 perfeetum,
852 1396 1107 1472 quemadmodum
1130 1403 1160 1460 et
1181 1401 1228 1458 in-

120 1483 255 1548 ansele.
311 1479 417 1555 Neque
437 1479 685 1556 impassibilitas,
718 1481 830 1556 alioqui
852 1488 883 1542 et
904 1481 1056 1543 ⁵manens
1080 1489 1109 1545 et
1130 1485 1230 1562 infini-

120 1588 180 1633 um
212 1576 244 1631 et
270 1567 563 1641 incircumscriptum
592 1570 682 1625 esset.
748 1566 814 1627 Non
844 1569 924 1628 enim
954 1571 1017 1644 pati
1050 1571 1229 1632 naturaliter
1266 1607 1268 1610 <

120 1663 216 1730 nest,
253 1652 335 1737 quod
365 1652 580 1713 universaliter
608 1653 797 1726 impassibile
820 1660 883 1728 est,
918 1655 999 1729 quod
1021 1672 1122 1732 neque
1144 1674 1229 1719 ama-

120 1760 163 1807 nt
186 1743 236 1802 ab
251 1739 312 1803 alio
334 1744 387 1800 ant
408 1745 547 1799 movetur
568 1737 608 1798 ad
632 1738 713 1798 alind
737 1739 809 1814 quid
832 1757 887 1816 per
909 1739 1054 1801 amorem.
1106 1741 1228 1805 Nullum

120 1830 208 1909 gitur
230 1841 337 1887 eorum
361 1840 441 1900 qnae
464 1829 611 1902 generata
633 1830 705 1884 sunt
727 1830 842 1886 motum
867 1833 943 1902 stat,
956 1877 958 1880 .
972 1832 1077 1903 utpote
1098 1831 1227 1905 primam

120 1921 146 1975 et
167 1918 348 1975 manentem
373 1927 516 1983 oausam,
539 1927 578 1969 ex
601 1924 662 1984 qua
684 1926 756 1972 esse
775 1911 823 1971 his
842 1929 922 1987 quae
940 1920 1011 1974 sunt
1029 1916 1127 1986 inest,
1151 1932 1229 1976 non-

120 1998 190 2062 dum
212 1996 494 2076 comprehendens,
518 2003 569 2057 aut
591 1997 671 2057 intra
693 1999 892 2058 novissimum
915 1999 1027 2059 foetum
1047 2007 1094 2061 est
1113 2001 1227 2075 datum,

120 2093 170 2149 sut
198 2103 237 2147 ex
265 2084 470 2163 primogenita
491 2084 607 2144 unitate
630 2083 849 2165 rationabilium
873 2101 997 2160 sparsor
1020 2087 1139 2147 sibimet
1161 2104 1228 2148 eor-

120 2189 225 2248 pornm
262 2173 492 2251 generationem
527 2174 750 2243 consequenter
787 2176 935 2246 coaptans
971 2173 1133 2233 arbitratus
1169 2180 1225 2235 est.

120 2257 156 2319 Et
185 2260 394 2322 testimonium
421 2256 581 2333 perhibent
602 2253 725 2331 Moyses
754 2264 784 2314 et
809 2257 902 2316 David
928 2264 959 2318 et
981 2257 1093 2320 Paulus
1116 2261 1226 2335 saneti,

120 2352 149 2407 et
168 2362 276 2407 eorum
298 2343 440 2405 dominus
463 2342 611 2416 Christus.
667 2341 789 2418 Moyses
819 2343 940 2416 quidem
970 2342 1028 2418 ,Ne
1058 2351 1161 2422 gustet
1188 2362 1226 2406 ex

120 2430 202 2511 ligno
236 2434 333 2492 vitae‘
366 2431 495 2507 primum
527 2432 686 2505 parentem
720 2429 914 2502 describens,
949 2437 979 2489 et
1012 2430 1083 2492 alibi
1112 2431 1226 2504 dicens,

120 2517 201 2590 ‚Non
229 2520 311 2580 enim
340 2518 468 2591 venistis
495 2531 594 2591 nsque
622 2530 704 2574 nune
731 2517 760 2573 in
791 2516 922 2590 quietem
952 2518 1033 2577 etin
1056 2516 1227 2579 haeredita·

120 2610 194 2681 torn,
224 2620 318 2680 qnam
346 2603 488 2664 dominns
518 2602 594 2663 deus
623 2607 724 2661 vester
754 2602 838 2661 dabit
860 2604 968 2662 vobis‘
1024 2603 1121 2663 David
1145 2622 1226 2674 vero,

120 2689 278 2762 ,Satiabor
300 2690 453 2767 olamans,
484 2688 558 2748 dnm
580 2688 757 2763 apparuerit
779 2687 851 2747 mihi
874 2689 969 2766 glorio
992 2694 1058 2765 tua,
1088 2699 1133 2765 et,
1158 2689 1228 2752 Siti·

120 2780 160 2839 sit
180 2779 292 2839 anima·
309 2792 378 2836 mea
399 2776 439 2836 ad
462 2774 553 2837 deum
571 2767 683 2833 ’fortem
708 2775 873 2833 viventem:
910 2776 1031 2850 quando
1056 2779 1176 2839 veniam
1199 2785 1228 2837 et

120 2865 275 2942 apparebo
303 2863 400 2923 vultui
429 2859 516 2922 deii‘
562 2858 673 2920 Paulus
698 2876 817 2935 quoqne
843 2858 1084 2937 Philippensibus
1107 2865 1228 2939 quidem

120 2952 275 3024 scribens,
305 2946 354 3024 ‚Si
376 2947 709 3023 quomodo-oecurram
733 2948 763 3006 in
788 2950 1055 3022 resurrectionem,
1085 2956 1229 3024 quaeest

120 3054 158 3097 ex
179 3038 324 3108 mortuis3
346 3052 417 3105 ,non
440 3034 523 3110 quod
546 3035 606 3092 iam
630 3036 809 3108 acceperim,
834 3039 886 3093 ant
904 3035 963 3094 ianr
983 3035 1228 3110 perfectustsim:

120 3130 250 3200 expecto
277 3138 351 3182 vero
374 3124 400 3181 si
422 3121 499 3181 forte
522 3119 779 3194 eomprehendam
802 3122 832 3177 in
856 3136 917 3195 quo
940 3128 969 3181 et
991 3121 1229 3196 comprehensus

120 3227 190 3272 sum
212 3210 253 3270 ab
274 3209 346 3269 lesu
368 3207 507 3267 Christo‘
558 3204 703 3267 Hebraeis
725 3207 815 3279 item,
847 3204 933 3281 ‚lpse
956 3208 1036 3266 enim
1058 3209 1176 3267 intrans
1198 3211 1227 3267 in

120 3298 281 3372 requiem‘'
307 3309 408 3354 snam
426 3300 457 3354 et
482 3293 549 3368 ipse
579 3292 692 3366 quievit
726 3293 782 3367 ,ab
812 3294 956 3365 operibus
980 3295 1059 3367 suis,
1097 3293 1230 3353 velutin

120 3383 253 3460 propriis
276 3381 373 3443 dens!
424 3379 462 3441 Et
484 3380 592 3439 iterum
614 3374 779 3438 in‘eadem
800 3379 928 3452 epistola
950 3380 1101 3439 neminem
1122 3395 1231 3454 perve-

120 3470 205 3530 nisse
235 3467 275 3529 ad
304 3468 526 3543 promissiones
554 3464 692 3524 affirmat.
745 3463 881 3524 Christus
910 3482 997 3539 vero,
1041 3465 1163 3539 ‚Venite
1191 3465 1230 3526 ad

121 3571 170 3617 me
192 3569 301 3617 omnes
324 3553 500 3614 laborantes
523 3558 553 3611 et
572 3554 705 3621 onerati,
728 3555 758 3609 et
775 3567 833 3628 ago
853 3553 1010 3624 quiescere
1028 3568 1083 3611 vos
1099 3552 1231 3613 laoiam.‘

122 3641 264 3702 Nondum
293 3655 367 3718 ergo
395 3639 458 3700 ullo
488 3638 579 3698 modo
602 3637 698 3697 ullum
721 3653 827 3696 eorum
851 3653 929 3712 qnae
951 3638 1029 3698 taeta
1051 3643 1124 3699 sunt
1144 3643 1233 3698 natu-

122 3727 217 3787 ralem
247 3727 387 3787 mmmm
416 3725 456 3786 ad
485 3725 578 3784 finem
601 3730 713 3784 motam
737 3723 930 3795 stabilitavit,
960 3741 1061 3799 neque
1083 3725 1234 3800 operatio-

124 3829 193 3875 nem
222 3814 380 3888 quiescere
409 3812 480 3887 feeit
508 3807 764 3870 “contendentem
793 3825 827 3870 se
850 3826 907 3870 suo
929 3810 1008 3886 fine,
1039 3826 1138 3886 neque
1160 3826 1233 3888 pas-

130 4000 167 4052 13.
188 3999 310 4067 γενητῶν
335 3998 385 4050 alia
409 4014 502 4050 manus
528 3999 641 4048 correxit
666 3999 691 4046 in
719 3996 776 4045 cod.
801 3996 883 4054 (ind,
918 3997 962 4059 qni
990 4012 1003 4045 n
1029 4013 1068 4062 pr.
1093 4012 1128 4050 m.
1155 3997 1233 4057 habet

130 4067 248 4133 κινητῶν.
283 4070 332 4121 Ed.
351 4068 407 4120 Gai.
426 4070 506 4120 habet
522 4066 673 4132 γεννητῶν.

193 4159 218 4210 4.
242 4159 294 4223 qui
317 4168 433 4208 sacram
452 4181 484 4193 -
504 4181 538 4192 -·
558 4156 789 4206 introdunerunt
811 4151 997 4202 desiderantur
1012 4155 1037 4202 in
1057 4153 1162 4205 Graecis
1183 4161 1235 4203 tam

135 4224 169 4275 sd.
187 4225 240 4276 Gal,
259 4241 336 4288 quam
356 4225 412 4276 aod.
433 4224 502 4277 Gud.
563 4225 588 4274 b.
615 4224 669 4272 imo
688 4229 778 4274 unum
794 4223 897 4274 solum.
934 4223 966 4272 Et
984 4237 1045 4272 mox
1065 4225 1189 4286 primam
1207 4226 1235 4273 et
1339 4275 1341 4280 ,

135 4295 225 4345 solon.
273 4295 345 4356 Quas
370 4303 515 4357 sequuntur
539 4300 599 4343 sunt
623 4292 773 4344 obscuriore
797 4292 821 4340 in
846 4291 943 4341 Latinis
968 4306 1044 4355 quum
1069 4293 1095 4341 in
1121 4291 1234 4342 Graecis.

140 4359 224 4424 (tiata.)
276 4364 302 4416 6.
321 4362 408 4415 Voluit
426 4363 528 4416 dixisse
544 4363 639 4427 ipsum
657 4365 688 4412 tn
707 4376 760 4412 suo
777 4358 834 4424 tina
851 4357 982 4426 deriperas.
1011 4359 1107 4486 filiole.)
