2752 4778
1091 193 1162 267 ati

48 392 128 437 auru
168 375 376 446 descenderit,
415 376 483 435 siae
516 377 694 449 corporibus
730 378 848 436 animas
881 393 984 437 eorum
1015 380 1063 452 qui
1094 387 1165 440 aute

47 464 116 523 sint
141 463 249 524 mortui
273 477 328 537 per
351 458 448 520 solam
472 459 560 520 iidem
584 476 770 521 conservare
795 463 908 538 possit:
939 462 976 522 ad
997 463 1163 524 secundum

36 563 129 609 'vero
152 548 356 624 propositum,
382 545 460 620 quod
483 547 636 621 aequitiae
658 547 782 607 habitus
806 556 836 608 et
858 549 937 608 actio
960 550 998 608 ab
1020 548 1165 609 Sermone

49 635 186 710 accipiat
209 633 247 693 ad
272 635 409 693 virtualem
434 638 463 691 et
486 633 691 709 cognitionem
716 633 862 694 redeundi
887 633 1071 694 facultatem.

48 833 113 911 Ex
139 835 268 910 eodem
291 860 477 926 sermone,
505 837 544 909 in
568 837 683 927 iilud,
712 833 770 928 ‚Si
791 838 967 912 incaelos
984 839 1164 931 ascendat,

107 940 219 1013 simul
242 939 414 1013 ascende:
452 939 710 1013 comitantibus
731 939 793 1011 vel
815 941 1083 1040 excipientibus
1105 966 1164 1012 an·

107 1043 200 1141 gelis
223 1053 258 1116 te
282 1042 457 1137 adiunge:
496 1043 610 1139 portis
632 1052 672 1114 ut
695 1043 866 1116 leventur
888 1045 1049 1141 imperas

164 1196 220 1270 Qui
250 1201 372 1272 propter
401 1194 619 1256 abundantiam
649 1197 829 1272 cognitionis
861 1213 897 1256 ac
919 1198 1042 1272 spiritus
1067 1199 1174 1257 sancti

53 1283 226 1344 uberiorem
258 1282 518 1358 participationem
551 1283 642 1355 salis,
674 1281 773 1354 quoad
797 1284 863 1341 eius
887 1283 949 1342 lieri
972 1284 1083 1357 potuit,
1113 1299 1167 1358 pe-

51 1371 187 1430 netravit
216 1369 363 1428 rationem
394 1366 617 1442 providentiae,
653 1373 682 1425 ei
711 1373 806 1426 artem
837 1369 902 1427 eius
927 1367 1165 1444 comprehendit,

51 1458 81 1516 is
112 1471 181 1516 cum
204 1452 351 1526 Sermone
381 1456 411 1512 ia
440 1453 543 1513 caelos
568 1454 746 1513 ascendenti
770 1454 808 1512 tle
831 1458 910 1514 terra
933 1453 994 1514 aab
1017 1454 1165 1524 ascendit,

52 1543 198 1602 omnium
222 1554 327 1601 eorum
351 1540 460 1614 quibas
484 1534 672 1614 providetur,
708 1545 768 1599 tarn
793 1540 952 1600 visibilium
977 1555 1067 1614 quam
1089 1539 1165 1599 lavi-

52 1628 204 1702 slbilium,
240 1632 349 1685 natura
379 1642 447 1684 cuin
478 1627 644 1686 rationibus
667 1628 731 1684 suis
754 1627 893 1702 gnostice
915 1633 1089 1702 penetrata,
1120 1634 1166 1687 at·

53 1731 116 1792 que
146 1716 175 1773 in
206 1718 318 1772 statum
349 1713 529 1772 cessationis
560 1713 640 1770 amni
672 1714 795 1773 omnino
825 1713 1028 1786 qualicunque
1051 1715 1165 1788 impetu

53 1808 86 1861 et
115 1803 198 1859 motu
228 1805 397 1871 carentem,
429 1813 487 1872 quo
511 1799 642 1858 maxime
665 1800 862 1874 properabat,
899 1814 1094 1874 peromnem
1117 1815 1166 1858 ra-

50 1889 168 1947 tionem
201 1901 239 1945 ac
267 1884 390 1944 modum
421 1891 616 1959 assumptus,
652 1901 669 1942 a
693 1885 907 1944 comitantibus
930 1883 1021 1945 veluti
1047 1884 1165 1960 angelis

54 1972 238 2048 quibasdam
274 1970 481 2046 providentiae
516 1972 545 2028 in
575 1971 666 2029 rebus
698 1971 900 2029 existentibus
931 1971 1097 2030 rationibus
1126 1969 1166 2030 ad

53 2058 270 2136 excipientium
300 2054 495 2117 ineffabilium
525 2055 697 2134 theologiae
721 2057 870 2116 rationum
894 2072 929 2115 ac
953 2058 1166 2131 mysteriorum

52 2147 211 2224 regionem
244 2143 429 2214 subductus,
464 2146 493 2202 et
523 2141 653 2219 singalIs
683 2143 853 2216 quibusque
884 2140 1032 2218 gradatim
1056 2157 1166 2202 ascen-

55 2230 193 2293 sionibus
217 2229 316 2306 magis
338 2231 367 2287 ln
391 2228 520 2288 sublime
543 2228 651 2288 levans
674 2225 896 2287 intellectuales
920 2229 1037 2287 animae
1061 2233 1165 2302 portas

55 2317 97 2378 ad
121 2314 298 2377 Sermonem
324 2314 530 2391 recipiendum
555 2314 698 2375 divinum.

56 2526 143 2602 Alia
169 2527 207 2599 in
236 2525 334 2599 idem
362 2524 629 2623 contemplatio.

164 2676 273 2749 mque.
300 2674 388 2734 aliter
415 2690 523 2734 rursus
554 2671 729 2734 Sermonem
761 2673 921 2732 comitatur
949 2672 1167 2732 ascendentem

56 2763 107 2836 qui
137 2777 156 2820 a
185 2761 336 2836 practicae
363 2759 576 2834 philosophiae
602 2759 771 2818 secandum
796 2760 936 2818 virtulem
961 2758 1057 2819 modis
1081 2759 1168 2830 quasi

56 2864 73 2907 a
104 2853 185 2907 terra
214 2846 345 2921 quadam
376 2847 404 2904 in
435 2846 536 2906 caelos
566 2845 716 2919 quosdam
748 2846 915 2906 secandum
939 2845 1169 2920 contemplatio-

56 2948 125 2994 nem
158 2925 331 3010 spirituales
361 2932 542 3005 cognitionis
574 2947 634 2990 rana
667 2947 734 2990 cum
758 2929 905 2991 Sermone
935 2930 1036 2991 divino
1065 2933 1093 2989 in
1117 2947 1169 2990 su-

56 3019 150 3080 blime
172 3017 318 3080 evehitur.

55 3216 145 3293 Alia
172 3218 210 3290 in
238 3215 337 3290 idem
365 3212 634 3311 contemplatio.

165 3365 264 3440 Atque
297 3367 331 3422 ut
364 3363 457 3424 etiam
487 3363 586 3441 magis
615 3362 743 3439 mystice
774 3361 811 3421 de
841 3360 888 3420 bis
919 3359 1033 3433 dicam,
1071 3360 1122 3434 qul
1151 3373 1169 3418 a

57 3452 231 3532 cognitione
262 3449 430 3510 secundum
459 3448 736 3526 dispensationem,
770 3446 852 3507 unde
881 3448 982 3506 carnis
1013 3443 1169 3505 Sermonis

58 3537 192 3601 mundus
227 3536 308 3612 apud
345 3543 463 3611 patrem
497 3536 596 3596 lactus
632 3539 694 3604 est,
730 3535 759 3592 in
796 3533 1013 3612 cogitationem
1043 3530 1169 3609 gloriae,

58 3630 223 3698 autequam
258 3621 390 3683 mundus
420 3619 577 3682 Sermonis
613 3621 764 3680 incamati
802 3619 881 3694 apud
916 3622 1033 3693 patrem
1072 3615 1169 3686 luerit

15 3746 18 3751 ·
59 3711 148 3772 evehi
179 3714 294 3785 polest,
332 3709 357 3767 is
388 3724 492 3768 revera
521 3705 584 3766 uuir
613 3708 642 3765 ia
673 3704 775 3765 caelos
800 3705 940 3765 ascendit
961 3719 1030 3763 cum
1053 3701 1110 3762 deo
1134 3715 1170 3760 ac

58 3797 223 3869 Sermone,
254 3795 303 3870 qui
333 3795 430 3870 ipsias
460 3810 557 3854 causa
585 3794 614 3850 in
640 3799 748 3851 terram
772 3791 990 3862 descenderat,
1022 3789 1171 3865 cognitio·

59 3886 106 3944 nis
130 3883 181 3959 qui
210 3879 268 3940 hac
299 3896 374 3940 aava
403 3879 577 3940 haminibus
608 3892 776 3938 concessus
807 3883 854 3937 esi
886 3873 1008 3936 modulo
1038 3873 1170 3949 impleto,

58 3973 89 4030 ia
120 3975 239 4031 tantum
270 3965 367 4027 lactus
398 3965 493 4038 oeus,
529 3967 557 4023 ia
590 3970 737 4037 quantum
767 3962 816 4022 ille
839 3962 946 4033 bomo,
977 3977 1013 4020 eo
1037 3958 1117 4034 quod
1140 3961 1171 4018 in

59 4061 178 4118 lantum
214 4051 324 4112 divinis
361 4052 594 4113 ascensionibus
631 4049 678 4108 dei
716 4065 812 4109 causa
848 4053 895 4107 est
932 4046 1103 4111 exaltatus.
1141 4046 1170 4103 in

58 4147 208 4219 quantum
250 4138 382 4198 bominis
422 4153 519 4198 carisa
560 4137 636 4195 deus
673 4133 712 4193 ad
748 4142 871 4193 nostrae
909 4138 1036 4192 naturae
1071 4146 1172 4206 usque

56 4227 284 4292 extremitatem
311 4225 504 4293 exinanitus,
546 4222 598 4283 sed
634 4220 745 4280 nullam
776 4219 1017 4282 larinalationem
1049 4233 1171 4292 passus,

57 4319 236 4380 devenerat.

899 4387 939 4448 al
953 4386 966 4420 *
