2752 4778
1187 219 1259 292 385

144 397 187 457 ob
219 397 400 472 motionem,
431 398 541 472 quibus
563 398 752 472 complicatis
775 403 851 460 ratio
875 399 1050 462 duodenarii
1074 420 1110 463 eo
1133 422 1194 480 quo
1214 409 1261 468 in-

144 480 249 571 dicavi
273 483 362 545 modo
386 487 623 552 consummatur.
1179 496 1181 499 ·

143 635 237 709 Alia
257 639 529 736 contemplatio

257 766 308 828 Vel
338 770 483 830 moralem
507 777 536 831 et
561 772 729 832 naturalem
755 780 784 833 et
807 772 1010 851 theologicam
1033 772 1260 849 philosophiam

142 851 198 912 hic
227 869 373 916 uumerus
404 861 570 926 monstrat,
601 865 635 917 ut
663 875 701 918 ex
732 863 874 934 quattuor
902 865 932 919 et
955 860 1087 934 utrinque
1109 865 1140 920 et
1164 859 1260 919 trihus

144 939 310 1000 conflatus.
368 941 569 1014 Quaternaria
597 945 677 1003 enim
707 946 745 1004 ob
775 946 936 1020 generales
965 950 1107 1019 quattuor·
1135 947 1260 1006 virtutes

143 1027 177 1084 in
212 1027 305 1088 rebus
339 1033 386 1088 est
415 1033 559 1089 accurata
588 1030 722 1109 moribus
754 1030 958 1107 philosophia.
1018 1031 1162 1104 Quinaria
1191 1047 1260 1091 vero

144 1112 296 1181 naturalis
317 1119 366 1174 est
387 1115 622 1192 contemplatio,
644 1116 682 1175 de
706 1133 743 1176 ea
766 1133 861 1178 causa
884 1133 975 1193 quam
996 1116 1142 1189 indicavi,
1165 1132 1260 1179 sensu

142 1198 262 1259 scilicet
292 1196 532 1278 quinquefariam
563 1200 670 1263 diviso.
733 1203 878 1263 Ternaria
909 1204 1041 1278 denique
1064 1204 1192 1280 mystica
1214 1210 1262 1264 est

144 1283 318 1363 theologia,
355 1289 394 1347 ob
417 1293 541 1348 sanctas
565 1294 626 1348 tres
649 1289 869 1349 coessentiales
893 1291 1080 1350 substantias
1103 1290 1262 1350 sanctissi-

145 1386 218 1431 mae
239 1373 380 1448 unitatis,
411 1372 458 1432 vel
480 1375 511 1432 in
535 1376 644 1448 quibus
669 1381 714 1434 est
740 1383 847 1436 sancta
869 1378 987 1451 unitas,
1017 1376 1083 1450 vel,
1107 1382 1139 1437 ut
1162 1376 1260 1453 magis

145 1460 268 1534 proprie
291 1456 412 1534 dicam,
440 1467 588 1535 quaeest
612 1469 720 1521 sancta
743 1463 854 1523 unitas.

145 1605 234 1681 Alia
259 1607 529 1707 contemplatio,

257 1743 313 1804 Vel
340 1745 547 1806 universalem
579 1750 671 1820 atque
702 1747 965 1823 generalissimam
995 1750 1145 1827 significat
1168 1751 1260 1814 virtu·

148 1836 209 1891 tem
232 1835 263 1889 ct
285 1832 506 1908 cognitionem,
530 1838 563 1892 ul
586 1848 713 1907 quarum
736 1833 832 1893 altera
855 1833 903 1893 hic
926 1850 980 1909 per
1003 1842 1146 1910 quattuor
1169 1840 1262 1900 virtu·

117 1952 120 1985 z
146 1923 195 1978 tes
222 1915 409 1993 perficiatur,
441 1917 536 1979 altera
567 1934 620 1993 per
650 1923 716 1978 octo
749 1935 828 1994 quae
857 1919 1033 1981 diviniorem
1057 1939 1157 1983 rerum
1179 1923 1261 1986 lutu-

118 2045 121 2073 .
147 2018 250 2064 rarum
278 2009 391 2064 statum
421 2005 548 2080 mystice
579 2004 761 2075 ostendunt,
795 2003 966 2082 significata
995 2008 1047 2077 sit,
1083 2025 1121 2068 ex
1151 2011 1260 2084 quibua

147 2089 359 2151 duodenarius
382 2107 527 2151 uumerus
552 2091 739 2164 compositus
762 2091 922 2165 perficitur.

146 2242 236 2319 Alia
261 2245 532 2343 contemplatio.

259 2379 310 2440 llel
340 2383 513 2456 praesentia
544 2386 635 2454 atque
665 2381 767 2439 lutura
798 2377 963 2455 significat,
1000 2380 1070 2453 quia
1099 2395 1148 2440 res
1172 2397 1261 2457 prae·

143 2473 254 2530 sentes
278 2468 504 2542 quaternarium
529 2481 686 2525 numerum
711 2466 925 2525 elementarem
949 2469 979 2523 et
999 2464 1187 2526 materialem
1207 2483 1262 2528 na-

139 2551 286 2614 turaliter
315 2554 501 2628 suscipiunt,
533 2568 582 2610 res
606 2552 724 2611 suturae
748 2555 849 2610 autem
873 2551 1061 2611 octonarium
1085 2552 1142 2611 sibi
1166 2552 1262 2613 vindi-

139 2645 220 2701 cant
249 2654 408 2699 numerum
438 2640 564 2712 mystice
591 2639 621 2696 in
653 2652 723 2697 sese
753 2640 942 2712 spectatum,
975 2637 1085 2712 quippe
1113 2640 1163 2714 qui
1192 2654 1260 2703 earu

137 2726 263 2786 habeat
285 2725 500 2801 proprietatem
522 2731 554 2784 ut
576 2722 819 2783 hebdomaticum
842 2724 986 2800 temporis
1009 2731 1141 2798 superet.

139 2880 236 2954 Alia
260 2882 529 2979 contemplatio.

257 3012 310 3073 Vel
337 3019 443 3074 ternas
473 3014 510 3073 de
538 3013 793 3074 intellectualibus
822 3021 852 3074 et
882 3015 1079 3075 sensualibus
1103 3016 1203 3076 iudicii
1226 3033 1261 3078 ac

139 3098 360 3180 providentiae
395 3101 530 3160 rationes
569 3099 777 3159 duodenarius
814 3099 895 3158 clare
926 3116 1071 3159 nurnerus
1101 3102 1261 3178 significat.

141 3187 216 3247 Una
246 3186 325 3246 enirn
357 3200 497 3260 quaeque
526 3187 649 3245 istarum
681 3185 719 3244 ad
750 3200 821 3244 sese
852 3184 981 3245 admittit
1001 3191 1064 3244 tres
1091 3188 1157 3246 eius
1181 3187 1261 3262 quod

141 3279 197 3335 est
226 3271 376 3332 existendi
405 3273 554 3346 rationes,
592 3270 849 3346 quemadmodum
878 3286 917 3330 ex
949 3271 1076 3331 summis
1106 3271 1261 3334 doctrinae

141 3359 302 3435 capitibus
324 3362 385 3419 tam
408 3358 564 3434 discipulis
588 3373 680 3432 quam
704 3356 879 3417 doctoribus
902 3355 941 3416 de
963 3358 1078 3432 potiore
1100 3359 1130 3416 in
1155 3376 1263 3420 oracu-

143 3447 186 3506 lis
219 3442 329 3503 divinis
359 3446 575 3505 exercitatione
605 3442 799 3504 multifariam
831 3441 1025 3502 manifestum
1055 3449 1112 3505 est.
1157 3444 1263 3521 Tripli-

144 3536 258 3593 cantes
287 3531 378 3607 igitur
403 3536 499 3590 semet
527 3532 602 3606 ipsis
626 3545 729 3591 eorum
754 3545 833 3604 quae
857 3530 991 3589 existunt
1013 3530 1146 3590 rationes
1169 3547 1263 3608 gene·
1358 3557 1367 3573 .

144 3617 233 3680 rales
271 3621 415 3691 quattuor
450 3617 501 3678 illa
535 3618 563 3675 in
602 3618 711 3692 quibus
742 3615 970 3690 conspiciuntur
998 3615 1176 3691 existentia,
1216 3617 1263 3676 vel

145 3718 259 3765 rursus
287 3703 354 3763 istis
384 3714 511 3777 quorum
535 3708 606 3763 sunl
627 3704 716 3778 ipsae
737 3701 922 3776 triplicatae,
956 3701 1176 3762 duodenarium
1200 3701 1264 3761 eiii-

147 3791 235 3851 ciunt
261 3804 431 3849 numerum.
484 3787 559 3869 Nam
588 3790 612 3849 si
642 3805 680 3849 ea
701 3803 781 3863 quae
803 3787 941 3846 existunt
962 3788 1127 3847 essentiam
1150 3786 1264 3848 habent

147 3883 181 3937 et
211 3874 387 3935 facultatem
417 3878 447 3934 et
478 3877 636 3947 virtutem,
668 3873 813 3949 triplicem
836 3873 865 3930 in
891 3889 924 3932 se
947 3873 1023 3947 ipsis
1046 3871 1196 3934 existendi
1219 3874 1264 3932 ni-

148 3963 259 4024 mirum
282 3959 396 4021 habent
419 3962 577 4021 rationem.
634 3958 697 4019 lum
721 3961 747 4018 si
770 3958 828 4019 has
851 3959 984 4018 rationes
1008 3957 1048 4019 ad
1071 3958 1264 4019 existendum

148 4046 291 4108 videlicet
314 4044 570 4121 quemadmodum
593 4048 727 4105 existunt
751 4043 940 4121 providentia
960 4046 1127 4118 connectit,
1156 4044 1263 4120 triplex

148 4136 244 4196 etiarn
274 4133 370 4209 ipsius
402 4131 492 4207 plane
521 4131 631 4192 evadet
659 4133 745 4192 ratio.
802 4131 842 4190 Al
863 4133 890 4190 si
914 4128 1102 4206 corruptelas
1125 4131 1264 4208 singula·
1349 4120 1362 4143 ⁶

148 4236 217 4281 rum
242 4233 321 4294 quas
343 4219 406 4277 dixi
429 4219 579 4277 rationum
603 4233 672 4276 cum
696 4217 833 4277 dellexae
852 4215 979 4290 inerint,
1002 4221 1063 4276 tam
1083 4216 1263 4291 praeteritas

225 4390 248 4440 l.
268 4386 312 4463 §lc
331 4385 527 4452 apographum.
565 4389 604 4434 hu
624 4384 689 4435 locta
707 4382 884 4448 reponendum
902 4377 1104 4448 auspicatam?

1018 4451 1056 4512 25
