2752 4778
220 197 297 279 362

217 379 397 495 άνθρωπος
421 385 606 467 προςθήκας
634 389 770 459 πίστεως
798 380 879 466 ἔχων
908 389 961 448 καὶ
989 383 1158 495 γνώσεως,
1193 392 1247 451 καὶ
1268 397 1317 462 τολς

218 466 283 537 καί
305 467 418 577 οῗρετῆν
440 467 536 551 1ηῦξη
519 474 631 554 ημένος
652 470 800 578 τρόποις,
828 473 882 532 καλ
901 473 1012 536 πᾶσαν
1010 468 1163 622 ἐοἷτιάτην
1183 476 1250 538 τῶν
1265 469 1318 538 ιλλν

217 560 281 622 κεῖν
315 555 428 622 ἑαυτοῦ
443 556 699 663 περιελόμενος,
739 546 833 629 οὗτος
863 551 1031 668 Ἰωσάμέ
1026 583 1079 623 στι
1112 559 1319 667 πνευματικός,

218 640 389 726 δυνάμενος
418 641 453 706 τό
484 646 576 726 σῶμα
599 649 707 727 λαβεῖν
730 667 785 706 του
772 643 955 725 Χριστου
978 649 1032 707 καὶ
1055 645 1203 721 καλῶς
1187 645 1320 749 ενταριά

213 753 274 795 ,σαι
302 735 355 794 καὶ
383 728 584 793 ἐνθεῖναι”
547 756 582 837 τη
605 729 639 794 ἐκ
661 737 798 802 πίστεως
815 731 1052 836 λελατομημίνη
1076 735 1219 818 καρδία,
1247 730 1320 796 τότε

218 818 310 920 σῶμα
338 811 374 879 τό
403 797 572 881 ἑαυτοῦ
544 841 586 892 ως
607 819 755 899 Χριστοῦ
783 815 875 919 σαλμοι
905 813 958 880 διά
988 815 1041 895 τὴν
1071 816 1196 928 χάριν,
1225 825 1278 885 καὶ
1296 822 1322 884 ελ

220 906 276 966 τοῦ
303 899 451 1006 σώματος
477 905 553 1009 με’λη
585 901 670 966 όπλα
699 897 901 980 δικαιοσύνης
930 904 974 989 τῷ
1002 907 1071 966 θειῦ
1103 904 1152 978 εἷς
1176 901 1323 1016 ἁγιασμόν

219 988 426 1073 ποιούμενος,
459 986 514 1064 τάς
541 991 576 1052 66
604 984 775 1068 αἰσθήσεις
798 991 855 1050 τοῦ
877 966 1024 1095 σιόμιλτος
1038 967 1238 1095 ῦπουργους
1259 1016 1324 1056 ειναι

219 1077 255 1166 τῇ
278 1077 368 1182 ψυχῇ
395 1071 474 1139 κατά
497 1071 553 1139 τόν
574 1072 713 1158 ἔμφυτον
735 1072 833 1180 λόγον
850 1072 936 1179 πρὸς
957 1072 1012 1180 την
1034 1073 1067 1138 ἐν
1091 1076 1256 1188 πνεῦματι
1278 1105 1325 1162 μυ·

218 1158 309 1240 σικῆν
330 1165 472 1244 θεωρίαν
494 1159 764 1266 παρασκευάζων,
784 1155 879 1238 αῦτην
903 1163 936 1224 66
959 1159 1012 1238 τήν
1034 1161 1147 1269 ψυχὴν
1173 1164 1326 1248 ἶσονομιῖι

218 1257 287 1323 ταῖς
316 1245 466 1330 δυνάμεσι
496 1249 600 1311 ποιῶν
628 1246 710 1354 πρός
721 1243 785 1354 666
808 1249 869 1310 τιῦν
891 1243 1009 1330 άρετιῦν
1033 1246 1326 1351 ἓκπλήρωσιν,κιλ

218 1331 264 1399 ἔτι
287 1333 342 1410 τὴν
362 1332 466 1416 ψυχήν
488 1358 520 1398 τε
542 1339 597 1398 καὶ
616 1331 671 1408 τάς
693 1328 786 1410 αῦτῦς
807 1308 952 1414 δυνάμεις
969 1333 1141 1411 δουλώσας
1159 1347 1236 1414 ταῖς
1253 1335 1326 1402 ἕντο·

218 1425 289 1496 λαίς
310 1423 367 1485 τοῦ
387 1422 485 1499 θεοῦ,
508 1415 602 1495 αῦτάς
624 1423 659 1484 66
681 1416 735 1494 τάς
754 1417 885 1493 ἐντολάς
903 1417 1039 1502 φυσικάς
1055 1425 1113 1499 τῆς
1131 1427 1243 1506 ψυχῆς
1258 1419 1326 1488 άπι-

219 1503 381 1581 δεικνῦς
362 1511 539 1616 ενεργείας,
572 1510 626 1569 καὶ
656 1504 708 1569 διά
738 1507 794 1614 τῆς
818 1531 876 1569 κατ
897 1503 1025 1612 άρετῆν
1053 1504 1267 1590 ἀμεταθέτου
1286 1513 1326 1574 καλ

219 1597 336 1674 παγίως
360 1589 452 1667 ἕξεως
474 1591 520 1667 εἷς
540 1590 731 1670 κατανόησιν
753 1581 794 1654 αῦ
816 1596 870 1655 καὶ
892 1586 1053 1676 ῦποδοχὴν
1076 1598 1144 1657 τῶν
1167 1593 1327 1707 ἐγκεκριμ·
1360 1654 1363 1660 .

218 1681 320 1761 με’νων
342 1687 411 1752 ταῖς
432 1675 574 1752 ἐντολαῖς
596 1681 783 1788 θειοτέραν
791 1676 894 1760 λόγων
917 1677 1177 1762 διεγειρόμενος,
1205 1708 1262 1749 και
1282 1681 1326 1758 ιῦς

218 1788 278 1866 περ
311 1760 434 1828 σινδόνι
465 1769 526 1827 τινὶ
553 1775 621 1840 τοῖς
647 1769 721 1850 περὶ
749 1761 805 1828 τόν
834 1763 936 1828 αίιῦνα
964 1769 1077 1829 τοῦτον
1108 1778 1327 1879 πνευματικοῖς

219 1845 329 1933 λόγοις
356 1849 558 1954 περιβάλλειν
580 1848 636 1915 τόν
657 1854 847 1933 πρῶτον,ε
832 1843 928 1925 ἐξοῦ
948 1856 1001 1914 καὶ
1025 1843 1064 1914 δι’
1090 1843 1133 1917 οῦ
1154 1860 1216 1919 καὶ
1239 1880 1284 1932 εις
1300 1880 1326 1918 οι

219 1934 255 2000 τά
286 1934 405 2017 πάντα,
436 1933 543 2019 λόγον.
603 1930 644 1999 ‘O
671 1934 783 2014 ταύτην
814 1935 896 2001 οῦτω
925 1934 1063 2019 τηρήσας
1093 1936 1151 2017 την
1182 1939 1327 2024 εῦκοομω

219 2017 366 2101 εῦταξίαν
383 2019 538 2128 Ἰωσῆφ’
524 2045 607 2100 εστι,
630 2021 667 2088 τό
686 2020 841 2105 μυστικόν
862 2025 953 2106 σιῦμα
976 2026 1208 2108 τοῦΧριστοῦ
1228 2051 1326 2110 μυστι-

219 2113 283 2186 κιός
305 2107 509 2193 ἕνταφιάζων.

220 2259 316 2329 Ἀλλο
340 2257 389 2336 εἷς
410 2251 453 2326 τὸ
478 2250 570 2325 αὐτὸ
596 2250 786 2347 θεώρημα

328 2367 441 2434 Καὶ”
422 2394 469 2434 εει
498 2363 661 2451 συντόμως
688 2367 806 2448 εἰπεῖν,
843 2363 860 2433 6
889 2367 1004 2454 πράξει
1031 2375 1087 2433 καὶ
1114 2373 1247 2478 θεωρία
1268 2367 1327 2443 τοῦς

59 2483 107 2522 ιιι
120 2485 132 2522 ι
144 2479 212 2525 νωι
221 2482 295 2564 περι
324 2460 381 2520 τοῦ
409 2460 547 2565 σταυροῦ
574 2466 642 2531 τοῖς
663 2449 818 2520 άκοόονσι
840 2457 1035 2562 θμυμαστιῦς
1053 2454 1178 2539 λόγους
1196 2461 1203 2539 Ι
1224 2451 1325 2521 άποδι

222 2539 311 2620 δοῦς,
349 2535 442 2618 οῦτος
469 2538 585 2626 Ἰωσηφ
618 2543 689 2649 μὲν
705 2543 831 2623 γέγονεν
858 2537 955 2616 άλλος
983 2540 1037 2604 διά
1067 2546 1125 2622 τῆς
1152 2540 1326 2626 προςθηλιης

221 2633 283 2696 ταλν
310 2627 389 2694 κατά
419 2625 473 2706 τῆν
501 2632 643 2711 θεωρίαν
670 2623 803 2731 άγαθιῦν
827 2626 872 2702 εἷς
898 2630 1015 2710 γνοῦσιν
1037 2625 1228 2708 ἐπαυξῆσας
1247 2653 1326 2694 πνει-

221 2709 369 2799 ματικην,
390 2713 607 2821 Ἁριμαθαίας
628 2716 663 2777 66
685 2709 796 2776 διά
760 2738 812 2791 της
833 2718 963 2820 γνησίας
985 2716 1047 2818 ταῖν
1069 2711 1199 2800 οἷρεταῦν
1218 2711 1326 2783 οἶκειό·

222 2827 313 2881 τητος
340 2797 419 2864 κατά
442 2797 496 2878 τὴν
517 2802 632 2883 πρῦιξιν
653 2802 760 2864 πᾶσαν
782 2803 844 2863 τῶν
865 2796 1015 2865 ῦλικιῦν
1002 2807 1121 2865 εαυτοῦ
1143 2805 1328 2890 περιτέμνειν

222 2887 276 2968 τῆν
298 2884 529 2971 προςπόθειαν.

213 3027 319 3101 Άλλο
343 3022 523 3122 θεώρημα
547 3029 595 3108 εἰς
619 3023 661 3097 τό
686 3024 790 3096 αὐτό.

329 3141 510 3225 Σταυροῦσι
539 3145 574 3206 66
602 3138 699 3204 πάλιν
729 3138 785 3205 τόν
807 3141 952 3247 Χριστόν
982 3143 1015 3209 οἱ
1043 3133 1243 3252 βλαςφὴμως
1270 3146 1328 3222 νοῦς

222 3235 296 3335 περὶ
326 3233 378 3308 τῆς
401 3227 651 3336 ἐνσωματυῦσεως
673 3229 730 3289 τοῦ
751 3231 834 3291 θεοῦ
856 3227 1065 3306 διδάσκοντες
1082 3233 1225 3317 λόγους,
1253 3235 1328 3301 ἐντα-

224 3314 330 3424 φιάζει
353 3320 388 3380 66
409 3311 544 3379 πάλιν
529 3341 545 3379 ο
570 3311 642 3389 τοῦς
664 3317 738 3395 περὶ
760 3317 814 3392 τῆς
836 3314 1025 3396 σαρκάσεως
1047 3344 1106 3383 του
1091 3318 1213 3386 θεοῦ
1231 3321 1328 3405 λόγους

222 3400 300 3486 μετὰ
323 3397 502 3489 παρρησίας
523 3403 623 3465 πᾶσιν
646 3396 823 3481 εῦσεβιῦς’
803 3401 1032 3488 ανακηρόττων.

60 3575 215 3614 mmmm
219 3537 279 3608 Ἕκ
310 3541 377 3607 τοῦ
408 3534 526 3606 αὐτοῦ
555 3527 688 3632 λόγου,
722 3536 770 3614 εἰς
801 3531 862 3619 τὸ,
897 3531 978 3606 Κάν
1000 3532 1275 3632 Νικόδημος
1254 3533 1327 3633 ῃςό

59 3621 107 3717 661
126 3639 151 3715 6
168 3656 216 3725 ορρζ
277 3635 489 3733 νυκτερινὸς
512 3633 712 3732 θεοσεβὴς,
741 3630 872 3730 αῦροις
895 3634 1011 3710 αὐτὸν
1036 3638 1283 3736 ἐνταφίασον.
1366 3655 1370 3677 “

60 3730 108 3768 “³¹‘'
123 3729 193 3767 ΒΜ
334 3752 567 3838 Νικόδημός
553 3778 656 3832 εστιν,
685 3751 864 3861 νυκτερινός
889 3753 1045 3838 θεοσεβὴς
1073 3763 1131 3821 καὶ
1161 3758 1293 3869 μόραις
1300 3753 1326 3820 τό

225 3847 318 3948 στῦμα
348 3845 404 3905 τοῦ
426 3844 574 3923 Χριστοῦ
602 3836 864 3924 ε’νταφιάζων,
848 3866 864 3904 ο
888 3840 965 3904 κατά
989 3842 1141 3907 διάνοιαν
1160 3850 1225 3928 μὲν
1246 3839 1327 3928 6666·

224 3933 318 4010 με’νος
347 3927 392 4003 εἷς
420 3926 473 4004 τὴν
502 3929 673 4009 ἐπίγνωσιν
702 3929 759 3989 τοῦ
786 3930 948 4010 Χριστοῦ,
978 3926 1032 4032 τῂν
1063 3933 1163 3993 66
1124 3957 1181 4009 της
1203 3958 1229 3996 π
1230 3933 1327 4020 ρόξειις

226 4019 286 4080 τῶν
315 4014 451 4078 ἐντολῶν
479 4008 718 4098 φιλοτιμίαν
696 4037 738 4087 ως
762 4011 870 4118 βειλός
894 4013 946 4077 διά
970 4011 1026 4077 τόν
1049 4015 1161 4127 φόβον
1185 4023 1249 4083 τῶν
1263 4017 1327 4082 'Iov-

226 4106 323 4165 δαίων
351 4103 443 4182 (λέγω
473 4103 507 4163 66
535 4103 596 4164 τιῦν
618 4094 774 4162 παθῶν
756 4125 773 4175 η
797 4102 859 4162 νοῦν
881 4099 1043 4209 δαιμόνων
1065 4103 1128 4179 τοὶς
1150 4101 1326 4215 προςβολόςλ

227 4191 341 4291 φειδοῖ
363 4191 416 4264 τῆς
435 4184 563 4292 σαρκός
591 4183 860 4268 παραιτούμενος,
899 4178 925 4273 ᾧ
952 4190 1033 4293 μέγα
1063 4188 1152 4274 πρός
1184 4188 1326 4276 άποδοηῦι
1368 4256 1370 4279 Ι

226 4270 284 4337 κάν
307 4298 369 4420 to²
365 4271 445 4338 καλά
463 4282 594 4359 φρονεῖν
610 4277 684 4352 περὶ
702 4274 851 4355 Χριστοῦ
867 4250 921 4335 καλ
939 4299 981 4353 μη
970 4269 1214 4360 βλαςφήμους
1236 4277 1324 4364 προιίν
1367 4315 1370 4379 η

227 4365 308 4426 σθαι
351 4353 453 4440 όγους.
