2752 4778
235 238 308 312 364
1313 33 1363 487 Ι

235 416 401 494 Μύνεντος
422 423 476 483 καὶ
497 414 571 492 τούς
592 413 656 500 πρδ
681 409 779 480 αύτοῦ
801 410 996 522 αἰρετικούς,
1024 411 1146 519 ταύτης
1171 410 1262 478 εε’νεκα
1277 409 1330 495 65-

234 532 296 571 πον
325 503 394 570 6666
423 509 476 569 καὶ
499 501 602 612 μόνης
628 503 681 580 τῆς
701 500 822 582 αἰτίας,
855 495 953 565 660²
934 497 1034 608 αρχδις
1055 492 1332 603 ύποστησαμένοις,

180 597 187 612 ’
234 598 288 657 καὶ
312 589 367 657 τόν
389 591 443 656 ἐπὶ
463 589 589 655 πάντων
609 584 730 652 θεόν’
687 588 967 697 αρνησαμένοιις,
989 581 1294 694 ύποστρεφόμεθα,
1309 580 1332 648 6

235 675 311 743 6666
334 681 498 759 λέγοντας,
532 675 561 740 εἰ
583 679 636 740 καὶ
657 673 700 758 666
724 671 776 737 666
800 676 861 737 τῶν
882 669 998 750 66666,
1032 678 1090 738 καί
1112 669 1204 756 διμᾶς
1224 667 1333 777 εἰρηκό-

235 789 293 840 τες
345 764 385 826 Εἰ
414 768 448 828 66
473 761 587 842 ταύτης
609 760 755 825 ἕνεκα
719 784 772 839 της
794 758 899 834 αἰτίας
920 757 1138 868 συνυπάρχειν
1162 762 1211 847 τῷ
1230 757 1334 842 σύμιτι

235 847 312 916 κατδι
342 847 397 929 τήν
425 847 581 958 σύλληψιν
609 845 662 926 τήν
693 844 821 929 λογικήν
849 870 882 910 τε
907 851 960 910 καὶ
982 846 1098 929 νοεράν
1121 823 1235 930 ψυχήν
1251 847 1335 950 λέγειν

235 932 275 1002 δι’
304 934 454 1020 αἰσχύνης
481 931 645 1038 εὐλάβειαν
673 936 886 1041 παραιτεῖσθε
906 935 986 1016 μηδὲ
1005 930 1086 1016 μετὰ
1108 925 1336 1043 τεσσαρύκρπι

235 1020 377 1131 ἡμέρας,
397 1021 475 1106 μήτε
492 1020 580 1131 μετρί
605 1016 660 1084 τόν
686 1018 923 1102 έννεαμηνιαῖον
945 1022 997 1098 τῆς
1017 1025 1207 1104 κιιοφορίας
1227 1015 1360 1107 χρόνον,

234 1108 312 1193 μήτε
338 1107 399 1192 μὴν
425 1106 503 1192 μετδι
532 1104 587 1173 τόν
609 1106 721 1183 τόκον,
753 1103 817 1188 πρὸ
841 1102 955 1188 τωνμ
977 1100 1103 1215 ἡμερῶν
1128 1110 1192 1170 τού
1213 1109 1337 1188 καθαρι-

235 1199 322 1279 σμού
350 1195 469 1298 μόναι
478 1191 673 1302 τολμήσετε
671 1189 708 1256 τό
731 1192 921 1297 γεννηθὲνν
903 1216 986 1277 εχειν
1008 1192 1064 1270 666
1085 1189 1228 1275 λογικήν
1248 1215 1281 1256 τε
1298 1193 1337 1255 κεί

236 1280 368 1389 νοερδιν
384 1278 495 1367 ψυχήν
562 1275 675 1342 066
636 1276 696 1387 γὰρ
725 1274 878 1362 προςιτδν
905 1282 950 1384 τῷ
982 1282 1050 1364 ναῷ
1077 1282 1140 1342 τού
1170 1281 1256 1344 θεού
1280 1279 1338 1350 τέας

237 1367 305 1434 ἐστὶ
334 1365 370 1431 τό
389 1370 525 1452 τεχθέν,
557 1361 599 1441 ὡς
627 1369 814 1472 ακαθαρτον
842 1367 886 1450 τῷ
907 1341 994 1451 νόμῳ
1016 1340 1258 1448 διοριζόμενον.
1300 1359 1339 1437 Ὧς

236 1452 354 1520 λοιπὸν
375 1459 483 1561 μέχρι
513 1454 566 1532 τῆς
594 1455 656 1515 666
684 1446 823 1558 ήμεριύν
836 1454 893 1514 τού
918 1455 1133 1555 καθαρισμοῦ
1163 1447 1339 1561 συμπληρύ-

238 1565 318 1616 σεως
344 1537 387 1622 μή
417 1539 502 1647 ἔχειν
526 1536 561 1602 τδ
584 1536 769 1620 τικτόμενον
791 1534 845 1615 666
867 1535 994 1648 λογικήν
1016 1562 1048 1602 τε
1071 1543 1129 1603 καὶ
1154 1536 1274 1649 νοερόν
1291 1556 1339 1623 66·

237 1625 296 1712 266
323 1623 402 1690 κατὰ
431 1623 498 1690 τὸν·
516 1622 625 1689 εἰκότα
652 1618 793 1706 λόγον
778 1633 944 1733 νπονοειν,
973 1619 1054 1689 ύλλοὶ
1052 1649 1187 1733 μινυς,
1216 1620 1260 1702 ὥς
1278 1623 1339 1733 6966

238 1715 344 1807 μικρῷ
378 1711 540 1794 πρόσθεν,
578 1714 678 1794 φατού
712 1707 730 1787 ἢ
764 1709 845 1786 ζιύοιι
877 1705 996 1817 οἰλόγοιι
1023 1706 1087 1775 τῶν
1118 1710 1156 1775 ἐν
1186 1723 1258 1789 τοῖς
1282 1701 1339 1776 6666

75 1824 124 1867 σοι.
138 1821 220 1866 ιιεο
222 1794 474 1903 διεὶλημμένων.
532 1795 573 1859 Εἰ
602 1799 637 1860 66
629 1795 830 1905 πρόρασις
853 1791 900 1880 Ι
885 1806 958 1879 ιιμῖν
985 1800 1043 1862 τού
1071 1796 1231 1863 τοιούτοιν
1259 1796 1339 1908 λόγον

239 1886 416 1963 καθέστηκε
437 1879 473 1948 τό
496 1886 706 1989 γεγραφέναι
711 1907 766 1946 τον
786 1885 885 1965 μέγαν
897 1885 1057 1965 Μωιισην
1080 1887 1179 1960 δίκας
1199 1881 1262 1992 μή
1264 1880 1339 1948 ύπει·

76 2000 137 2040 εισι
144 1994 176 2049 6¹,
187 1995 221 2042 ω.
239 1975 369 2036 τεῖσθαι
399 1969 455 2038 τόν
485 1968 644 2048 πλήξαντα
672 1969 727 2048 τήν
754 1972 980 2075 κιιομορούσαν
1007 1980 1162 2048 γυναῖκα,
1172 1968 1263 2081 πρό
1284 1994 1340 2036 m·

238 2054 420 2166 σαρύκοντα
453 2052 577 2165 ήμερολν
605 2056 634 2120 εἰ
664 2060 801 2139 συμβαίη
831 2052 884 2118 διδι
914 2059 966 2133 τῆς
975 2058 1148 2166 πληγῆς
1141 2052 1244 2136 αύτήν
1269 2053 1340 2161 παρί

239 2143 295 2210 τόν
317 2141 431 2227 καιρόν
452 2139 643 2208 ἀποθέσθαι
664 2140 700 2206 τό
723 2141 926 2247 έμβριιον,’
913 2145 1019 2207 ιστέον
1040 2167 1084 2218 ως
1107 2139 1148 2207 ού
1173 2141 1232 2224 τήν
1254 2139 1339 2221 εἰς
1313 2167 1340 2207 ιι

238 2234 333 2313 σῶμα
360 2228 432 2294 τότε
461 2232 514 2309 τῆς
538 2231 665 2311 λογικῆς
686 2231 790 2337 ριυχής
809 2231 975 2312 γινομένην
996 2228 1122 2304 είςοδον
1147 2223 1340 2316 έμφαίναιί

238 2316 343 2403 σοφός
371 2319 529 2395 Μωύσῆς,
563 2312 642 2379 οἰλλιί
670 2340 725 2379 τον
752 2317 873 2378 τέλειον
902 2318 960 2381 τού
987 2320 1252 2397 καταβληθέντος
1279 2316 1341 2393 ἔξει

237 2400 392 2486 κονισμδν
421 2400 656 2489 ἀπαρτίζεσθαι
684 2400 755 2465 τότε
785 2403 901 2479 δηλιύν,
930 2403 1006 2476 τέως
1033 2398 1113 2467 κατδ
1140 2399 1201 2469 τόν
1222 2402 1363 2489 πρόχνυ

237 2515 295 2598 ρρν
318 2495 394 2556 6066
415 2492 508 2554 τούτο
530 2492 679 2571 γέγραφε.
737 2486 1009 2568 Προςεπιτούτοις
1028 2491 1064 2552 66
1086 2489 1194 2566 πᾶσι,
1225 2488 1339 2557 δέδοικε

237 2575 294 2642 τόν
323 2581 470 2641 τοιοῦτον
491 2571 733 2679 προςδεξασθαι
756 2571 870 2656 λόγον,
900 2573 1013 2658 μήπως
1033 2570 1051 2653 6
1075 2579 1136 2640 τού
1157 2574 1263 2661 λόγον
1282 2570 1339 2643 6⁸6

239 2661 352 2767 εἱρμὸν
373 2668 621 2771 προβαίνουσα
617 2659 656 2724 τύ
657 2662 704 2736 ξις
726 2663 874 2768 φοβερῶν
893 2660 1012 2772 ποιήσῃ
1028 2685 1069 2744 με
1088 2665 1228 2741 δικαίως
1248 2663 1337 2748 έγελη

237 2747 345 2833 μύτων
374 2745 568 2824 ύπεύθυνον,
600 2747 679 2831 ὅπερ
708 2743 751 2829 μή
780 2750 876 2830 θέμις
904 2747 1007 2812 εἰπειν
1035 2747 1158 2814 6606'
1142 2773 1180 2815 ειι
1203 2754 1259 2831 τῆς
1277 2746 1338 2815 666·

238 2838 375 2910 λοιιθίας
404 2837 460 2897 τού
490 2832 591 2943 λόγου
618 2857 658 2917 με
684 2832 911 2941 βιαζομένη
876 2857 933 2897 τον
951 2833 1062 2917 κύριον
1085 2830 1179 2918 ήμῶν
1201 2863 1257 2903 και
1247 2833 1339 2902 θιδι

239 2923 357 3004 λέγειν,
392 2919 483 3029 εἰπερ
514 2915 643 2999 οἷληθως
675 2914 796 2983 καθΗ
781 2923 861 3027 ημᾶς
884 2925 1039 3026 γενέσθαι
1070 2920 1316 3002 κατηξίωσεν”
1296 2948 1339 2987 αι·

238 3011 390 3112 θρωπος
403 3011 502 3093 χωρὶς
537 3001 764 3090 ἆμαρτίας,κ
745 3003 823 3070 κατό
860 3003 914 3085 τήν
946 3006 1104 3111 σύλληψιν
1138 3006 1271 3122 ἄψυχον
1298 3013 1339 3075 66

238 3089 336 3158 δι’νοιιν
368 3090 542 3177 ἄνθρωπον
573 3093 750 3176 γεγονέναι,
788 3096 841 3157 καί
874 3089 929 3168 τοὶς
960 3092 1207 3206 τεσσαράκοντα
1241 3093 1339 3182 ημέρες

240 3179 340 3256 ούτως
366 3179 485 3283 έχοντα
516 3181 741 3287 μεμενηκέναι,
774 3181 835 3242 666
866 3174 966 3263 διγίων
998 3183 1147 3267 πατέρων
1183 3179 1338 3295 6666666

239 3264 438 3332 διδασκάλων
471 3261 641 3352 διαρρήδην
673 3269 836 3370 βοῶντων,
875 3269 998 3349 μᾶλλον
1029 3270 1064 3331 66
1095 3271 1151 3347 τῆς
1186 3266 1227 3335 δι’
1255 3265 1339 3335 6666!

239 3351 394 3432 λαλούσης
422 3377 454 3416 τε
483 3357 537 3417 καὶ
568 3354 759 3459 λαλουμένης
788 3343 1012 3431 οἷληθείας,“
989 3379 1056 3437 αμα
1080 3357 1118 3442 τῇ
1140 3355 1279 3465 καθόδῳ
1297 3355 1339 3419 66

238 3442 322 3503 θεοῦ
355 3437 454 3522 λόγου
490 3436 569 3503 κατὰ
603 3434 656 3517 τήν
687 3433 888 3547 6666666’
868 3439 1013 3548 αχρόνως
1042 3422 1106 3504 666
1123 3445 1229 3524 μέσης
1255 3442 1340 3550 ημηής

238 3529 373 3635 λογικῆς
398 3524 556 3603 ἕνωθῆναι
583 3529 678 3610 σαρκὶ
708 3523 781 3589 τόν
775 3521 904 3626 κύριον
932 3522 1029 3590 αύτδν
1057 3531 1113 3591 καί
1142 3528 1230 3595 θεόν
1251 3527 1339 3613 λόγω,

239 3607 307 3676 οἰλλ
336 3607 373 3677 06
404 3609 456 3675 666
484 3613 582 3694 μέσης
609 3607 742 3719 σαρκός
751 3606 878 3718 οἰιμύχου
901 3608 1029 3694 λογικήν
1050 3611 1162 3697 ψυχήν
1184 3616 1338 3727 προςδέξῑ

239 3702 322 3764 σθαι
344 3700 621 3806 προςγινομένην,
629 3702 683 3761 καὶ
705 3692 762 3762 ούκ
785 3692 930 3805 ύίψιιγον
929 3702 1021 3780 σῶμα
1039 3699 1246 3779 παντελῶς”
1226 3730 1244 3783 η
1262 3699 1338 3767 ύνοπ

239 3780 343 3891 ψυχήν
371 3789 425 3849 καί
454 3780 573 3866 ἄλογον
601 3778 819 3867 οἷνειληφέναι,
852 3781 932 3847 αλλδι
955 3790 1077 3849 τελείαν
1100 3782 1325 3866 ύνελλιπαλς
1297 3810 1337 3865 16

240 3869 340 3978 φύσιν
367 3867 419 3949 τήν
447 3870 480 3935 έκ
508 3873 610 3974 ιμιιχής
637 3868 812 3980 λογικῆς“
790 3895 855 3952 αμα
876 3875 931 3934 καί
954 3868 1105 3955 σώματος
1117 3877 1336 3979 συνισταμένη*

240 3955 340 4043 ἑαυτῷ
361 3952 474 4022 καθ’
458 3955 637 4022 ιιπόστασιν
657 3951 799 4061 ἀρρήτως
820 3954 947 4022 ένοῖσαι
991 3956 1054 4023 Διδ
1078 3957 1229 4069 μάλιστα
1250 3961 1336 4064 περιέ·

263 4070 341 4127 ομαι
375 4045 432 4108 τού
465 4047 518 4122 τῆς
543 4041 772 4151 σννιιπόρξεως
806 4040 921 4123 λόγου,
957 4041 1030 4119 τούς
1067 4040 1117 4130 ἐφ’
1147 4037 1335 4158 ἑκότερσὶίι

239 4069 435 4205 ἰναντίας”
414 4127 507 4205 ὄντας
517 4124 681 4238 ύλλήλρις
710 4153 742 4193 τε
771 4133 824 4193 666
846 4125 883 4218 τῆ
903 4129 1052 4210 μεσότητι
1076 4139 1260 4284 προςφιιιύς
1273 4130 1333 4199 ἰτι·

239 4216 459 4322 πεμπόμενος,
488 4211 584 4279 αὐτόν
613 4214 668 4281 τόν
698 4218 751 4293 τῆς
782 4214 906 4299 φύσεως
935 4211 1116 4296 ποιητήνέ
1116 4244 1188 4324 γων
1216 4208 1332 4329 6666
1374 4265 1376 4290 6

240 4299 350 4367 ἔαυτόν
384 4306 545 4389 μιιστηριῳ
581 4305 634 4381 τῆς
669 4300 919 4384 ἰνσωματιύσεως
952 4305 1009 4367 τού
1042 4246 1202 4374 τοιούτου
1230 4262 1371 4495 λύγνΙΙ
