2752 4778
1180 190 1252 265 ata

141 333 310 437 munitur
340 377 370 433 et
397 369 603 449 progreditur,
639 373 720 447 quod
747 374 841 443 deus,
875 373 926 448 qul
955 390 1037 435 unus
1068 379 1131 445 est,
1166 381 1256 451 prout

142 462 214 535 quis
238 475 337 536 capax
360 464 422 533 est,
458 459 606 519 bonorum
630 459 844 535 multiplicatur
865 462 1147 521 communicatione.

140 646 204 725 Εἴ
229 650 358 726 eodem
376 673 562 743 sermone,
590 651 630 724 in
654 650 772 742 illud,
800 649 988 742 ,Alteram
1009 652 1254 724 communica·

195 752 616 846 tionem'communicat,
639 753 761 853 priore
778 754 897 828 multo
918 752 1256 841 admirabiliorem!

186 892 190 897 “
242 885 316 945 'Non
334 887 376 945 ita
395 884 608 946 admirandum
627 892 706 959 erat,
730 891 869 969 utputo,
893 887 1090 961 quantumvis
1109 902 1256 963 magnum

140 972 200 1046 stt,
224 970 304 1047 duod
327 971 405 1032 deus
423 971 594 1037 'humanam
618 976 759 1032 naturam
781 971 819 1032 de
841 973 939 1047 prima
960 973 1115 1033 creatione
1136 988 1255 1047 puram,

139 1056 267 1135 quippe
281 1060 366 1134 duae
394 1058 444 1118 dei
473 1074 566 1118 manu
595 1056 747 1118 honorata
769 1063 847 1132 erat,
878 1058 917 1118 ad
941 1060 990 1119 sui
1013 1060 1255 1119 communionem

138 1143 233 1219 <luxit
255 1144 360 1206 inflato
383 1145 505 1221 spiritu,
534 1161 639 1220 parem
664 1144 766 1204 divina
789 1145 933 1222 imaginis
955 1145 1180 1221 pulchritudine
1200 1147 1256 1205 im·

138 1232 297 1309 partiens,
327 1246 418 1307 qnam
443 1232 522 1306 quod
546 1248 615 1291 cum
639 1230 791 1291 maculata
813 1231 873 1289 hac
895 1231 1004 1305 deique
1026 1231 1154 1309 fugitiva
1176 1231 1257 1291 facta

138 1319 326 1401 passionum
356 1318 612 1393 conspurcatione
633 1322 742 1378 natura
766 1319 883 1377 versari
913 1316 1055 1388 indulsit,
1085 1319 1256 1393 peiorisque

139 1404 388 1473 communionem
420 1420 480 1463 non
511 1404 679 1478 aversavit‚
714 1409 744 1464 et
773 1405 801 1462 in
831 1421 900 1463 earn
923 1418 1022 1479 usque
1045 1406 1095 1479 qui
1119 1406 1257 1481 negotio·

138 1484 219 1559 r’tx'm
233 1490 346 1564 ubique
369 1490 472 1566 dispar
494 1495 586 1564 atque
608 1490 727 1549 alienus
751 1494 799 1550 est
819 1489 987 1551 admirabili
1005 1491 1139 1551 unitione
1157 1493 1257 1550 inten-

139 1568 397 1638 dittmiraculam.
455 1575 537 1637 Prius
563 1577 642 1636 enim
667 1576 749 1636 nullo
773 1575 865 1637 modo
889 1581 942 1636 aut
963 1578 1079 1636 ratione
1101 1578 1257 1637 essentiae

139 1662 391 1734 substantiaeve,
421 1663 451 1721 ia
482 1663 592 1737 quibus
616 1663 861 1737 universaquae
885 1667 957 1723 sant
980 1663 1161 1741 generaliter
1184 1680 1257 1723 con-

139 1749 329 1825 spiciuntur,
358 1749 506 1809 unitatem
536 1765 604 1808 cum
636 1748 695 1808 deo
724 1751 834 1809 natura
856 1751 951 1825 cepit,
985 1767 1066 1809 nunc
1088 1765 1160 1810 vero
1184 1751 1256 1810 sub·

140 1836 278 1896 stantiae
301 1852 369 1895 cum
392 1851 428 1895 eo
451 1837 599 1894 unitatem
621 1833 766 1894 ineffabili
789 1836 925 1896 unitione
948 1841 1039 1895 nacta
1062 1842 1125 1910 est,
1159 1836 1257 1896 itaut

139 1914 297 1999 propriam
326 1920 465 1982 videlicet
492 1921 694 1982 essentialiter
716 1924 906 1982 immutatam
931 1927 961 1980 et
983 1939 1001 1981 a
1024 1921 1127 1981 divina
1149 1937 1256 1989 essen·

138 2008 186 2069 tia
220 2007 373 2068 diversam
403 2006 570 2068 custodiret
603 2009 766 2081 rationem,
803 2025 871 2067 cum
902 2022 961 2082 qua
989 2007 1092 2066 divina
1120 2009 1255 2068 essentia

138 2094 230 2155 unita
257 2094 352 2155 habet
382 2100 412 2154 et
441 2095 588 2154 unitatem
618 2099 649 2152 et
677 2093 901 2164 diversitatem,
937 2098 970 2152 ut
999 2095 1179 2155 existentiae
1206 2110 1256 2156 ra-

139 2176 242 2255 tione,
267 2196 328 2256 qua
346 2180 425 2241 lacta
448 2185 495 2240 est
519 2185 549 2239 et
572 2180 692 2250 existit,
716 2179 797 2255 quod
821 2179 974 2255 peculiare
998 2181 1053 2240 sibi
1077 2180 1169 2240 habet
1186 2196 1255 2256 per-

142 2271 249 2328 servet
271 2262 354 2327 nulla
374 2270 462 2343 parte
484 2266 687 2342 deminutum,
726 2282 783 2325 nec
806 2266 959 2341 qualitatis
982 2268 1099 2326 ratione
1123 2266 1255 2327 divinam

140 2353 340 2415 existentiam
370 2357 462 2414 nacta
492 2353 635 2412 motionis
663 2353 743 2412 circa
771 2352 855 2413 aliud
878 2352 950 2428 quid
972 2352 1161 2413 librationem
1185 2368 1256 2412 sen·

140 2440 199 2501 ilat
227 2438 401 2499 ullomodo
425 2443 478 2498 aut
501 2438 647 2498 admittat.
704 2436 768 2499 Hoc
790 2438 912 2512 quidem
935 2438 1026 2499 modo
1050 2455 1150 2499 sermo
1174 2452 1256 2498 com*

142 2525 319 2586 inuolonem
349 2525 447 2601 priore
479 2524 573 2585 multo
599 2524 852 2586 admirabiliorem
876 2540 944 2584 cum
969 2525 1127 2585 bominum
1150 2530 1257 2584 natura

140 2610 259 2693 effecit,
293 2627 363 2672 cum
392 2612 491 2686 ipsam
522 2616 663 2671 naturam
687 2612 890 2672 essentialiter
913 2611 968 2672 sibi
991 2611 1160 2672 secundam
1183 2611 1257 2671 sub-

141 2698 286 2760 stantiam
313 2697 478 2772 copularet.

141 2885 202 2963 Ex
223 2886 372 2978 eodem,
400 2887 439 2959 in
464 2884 578 2976 iliud,
605 2881 732 2976 ‚Nune
751 2894 876 2959 autem
896 2895 1111 2987 conceptum
1133 2887 1255 2987 accipe

195 3015 238 3065 ac
284 2989 455 3080 raesulta,
481 2997 517 3061 et
541 2986 573 3061 si
594 3011 669 3060 non
687 2997 730 3059 ut
750 2985 930 3063 Iohannes
949 3013 995 3063 ex
1014 2998 1129 3079 utera,
1158 2999 1255 3064 certe

194 3102 238 3168 at
298 3092 384 3168 ovid
409 3091 458 3175 ob
481 3114 586 3165 arcae
612 3090 898 3189 repositionem.‘

205 3254 208 3259 ·
252 3226 414 3288 lohannes·
437 3241 570 3304 magnus
597 3241 656 3285 non
690 3225 789 3285 solum
818 3226 1024 3303 paenitentiae
1053 3233 1083 3285 et
1105 3227 1257 3302 practicae

141 3313 359 3393 philosophiae
374 3313 626 3391 impassibilitatis
645 3317 675 3371 et
693 3314 853 3388 gnosticae
871 3312 1137 3388 contemplationis
1155 3313 1257 3390 imago

142 3406 209 3475 est,
242 3400 335 3462 huius
363 3404 398 3461 ut
426 3415 537 3476 praeco
567 3404 597 3458 et
626 3399 777 3474 baptista,
811 3399 936 3460 alterius
967 3403 999 3458 ut
1024 3399 1151 3460 eremita
1179 3403 1210 3458 et
1239 3415 1256 3459 a

142 3486 261 3549 mundo
288 3488 411 3562 penitus
440 3490 640 3564 segregatus,
674 3484 755 3547 illius
778 3501 850 3545 vero
872 3490 906 3545 ut
930 3484 1033 3545 Levita
1055 3492 1086 3546 et
1108 3484 1263 3545 sacerdos·

142 3579 176 3635 et
206 3572 300 3632 divini
328 3574 411 3635 verbi
440 3587 639 3649 praecursor,
671 3573 728 3632 sed
756 3572 848 3633 etiam
877 3573 944 3631 eius
975 3573 1107 3646 quaein
1132 3570 1180 3631 his
1204 3570 1257 3630 de-

141 3658 343 3737 prehenditur
377 3658 541 3720 habitualis
576 3659 769 3718 constantiae
802 3673 838 3718 ac
872 3657 1044 3718 stabilitatis
1074 3656 1256 3734 symbolum,

143 3748 250 3823 utpote
279 3747 330 3820 qui
358 3761 398 3805 ex
429 3749 515 3806 utero
540 3743 588 3804 vel
610 3759 710 3819 usque
733 3743 772 3804 ad
796 3749 922 3804 mortem
944 3744 1064 3803 animae
1085 3745 1117 3801 in
1143 3743 1190 3803 his
1214 3748 1258 3803 te-

145 3846 253 3892 norem
269 3831 430 3892 iniraotum
447 3831 648 3891 conservavit.
693 3830 789 3890 David
804 3834 906 3890 autem
922 3829 1140 3903 consessionis,
1165 3830 1259 3890 aetio·

145 3918 195 3978 nis
217 3922 309 3992 atque
332 3916 596 3993 contemplationis
615 3919 646 3976 et
662 3917 729 3991 ipse
746 3919 848 3993 imago
866 3920 928 3988 est,
952 3920 985 3975 ut
1004 3913 1145 3975 iudaicae
1161 3917 1258 3976 tribus

145 4011 177 4067 et
204 4009 310 4081 pastor
338 4005 469 4079 primum
498 4008 528 4063 et
557 4007 666 4078 postea
696 4020 766 4073 rex,
798 4007 828 4061 et
850 4000 1070 4078 allophylorum
1094 4001 1258 4072 coniector,

145 4096 179 4155 at
200 4106 263 4151 aon
286 4092 357 4150 item
380 4089 545 4151 habitualis
567 4089 686 4148 illarum
711 4088 883 4149 stabilitatis
907 4087 1087 4163 symbolum.
1140 4086 1260 4148 Excidit

145 4178 226 4239 enim
256 4182 328 4253 post
355 4176 559 4255 agnitionem,
589 4175 757 4234 humanum
786 4174 899 4249 aliquid
928 4190 1059 4249 passus,
1089 4180 1119 4235 et
1140 4175 1258 4235 virtutis

146 4268 238 4341 atque
268 4263 451 4342 cognitionis
479 4262 617 4322 habiturn
648 4276 709 4321 non
733 4261 867 4321 servavit
887 4261 1089 4320 immutatum.
1146 4259 1260 4333 Quam-

147 4351 250 4413 obrem
277 4348 411 4410 lortasse
440 4364 498 4408 nec
520 4347 560 4408 de
584 4347 666 4406 verbi
688 4353 788 4419 utero,
817 4346 969 4423 quomodo
992 4362 1124 4492 masgnus
1148 4346 1260 4407 lohan-
