2768 4784
66 374 145 435 etiam
168 377 245 450 post
269 356 578 447 ruantiestationam‘,
616 379 651 433 ut
671 372 743 434 dicit
765 375 910 451 magister
931 375 1001 447 ilie,
1029 385 1114 454 ,nut,
1143 386 1177 441 nt

67 460 190 521 diunius
227 460 356 536 loquar,
396 461 426 518 ιιι
460 461 526 536 ipsa
560 458 817 530 manifestatione,
858 462 968 522 etenim
999 463 1058 527 hoc
1085 466 1175 531 etiam

69 548 156 624 ipsius
178 545 254 608 lesu
277 546 448 607 occultatur
470 547 665 621 mysterium,
689 562 745 606 nec
768 545 830 606 uilo
854 563 995 609 sermone
1017 550 1064 610 vel
1086 552 1176 612 intel·
1268 622 1275 635 ,

68 634 138 695 lectu
160 635 359 714 exprimitur,
391 632 459 708 quin
483 633 543 692 imo
567 630 639 694 dura
662 630 826 708 profertur,
843 648 1020 706 areanum,
1049 642 1080 698 et
1101 637 1173 700 dnm

67 720 253 799 intelligitur,
289 724 391 779 manet
418 718 575 796 ignoratur
628 717 705 791 Quid
736 719 884 792 estquod
909 718 1041 781 divinam
1066 739 1174 799 super-

67 801 347 867 substantialitatem
382 804 506 891 plenius
536 803 595 864 froc
625 805 835 866 demonstrare
864 812 969 880 queat,
1011 822 1091 883 quae
1119 824 1174 885 per

67 908 148 954 snam
178 892 457 954 manifestationem
487 909 522 951 sc
552 891 699 966 occultat,
730 897 760 951 ει
788 907 843 968 ρει
865 908 1046 954 sermonem
1070 912 1104 956 se
1125 897 1173 956 in·

67 979 210 1040 cdabilem
233 978 387 1053 declarat,
421 986 451 1039 et
473 994 526 1054 ρει
551 983 683 1038 ruentem
706 978 947 1041 eminentissime
969 996 1004 1040 se
1025 981 1173 1060 incogno-

66 1066 195 1129 scibilem
220 1066 343 1147 probat,
368 1070 415 1139 et,
438 1070 471 1123 ιιι
495 1065 593 1125 maius
617 1063 730 1140 aliquid
751 1063 877 1139 addam,
908 1081 963 1141 ρει
979 1068 1171 1131 substantiae

66 1153 304 1230 assumptionem
340 1167 374 1211 se
408 1166 478 1210 esse
508 1167 600 1227 snpra
630 1166 751 1211 omnem
782 1150 985 1210 substantiam
1015 1154 1170 1216 ostendat

68 1237 212 1305 ‚Profecto
242 1238 333 1299 huius
362 1239 575 1314 praerogativa
604 1239 695 1296 etiam
724 1253 793 1297 cnm
822 1253 893 1297 vere
914 1238 944 1295 ιιι
968 1240 1171 1303 substantiam

67 1327 191 1397 reniret,
229 1331 322 1402 supra
349 1324 548 1398 substantiam
578 1324 800 1384 substantiatus
829 1328 895 1383 est‘
947 1323 1092 1386 Nimirum
1116 1343 1170 1405 ge·

67 1413 226 1473 neradonis
250 1410 397 1471 naturalis
421 1410 521 1487 legem
542 1409 728 1481 immutavit,
762 1414 792 1468 et
814 1410 930 1484 absque
954 1412 1029 1470 virili
1053 1415 1170 1473 semine

66 1502 90 1557 in
112 1499 328 1574 specielromo
352 1511 422 1555 vere
445 1500 542 1557 iactus
564 1502 627 1570 est;
669 1496 697 1554 id
722 1495 802 1569 quod
825 1495 959 1556 declarat
981 1500 1066 1576 virgo
1089 1515 1169 1574 quae
1239 1527 1241 1532 ·

65 1585 143 1645 iilum
173 1584 265 1644 modo
296 1584 518 1659 supernaturali
548 1585 626 1658 parit
653 1584 774 1641 verbum
798 1585 1110 1661 supersubstantiale,
1140 1593 1169 1648 et

67 1672 182 1745 quidem
207 1672 323 1747 absque
347 1671 481 1745 operiri
505 1686 543 1729 ex
567 1686 623 1730 sno
648 1669 784 1745 virginali
808 1670 959 1746 sangnine
984 1677 1167 1746 concretum,

66 1773 97 1815 eo
126 1758 216 1818 modo
247 1772 307 1831 quo
337 1758 428 1816 ceteri
457 1755 596 1816 homines
626 1754 849 1830 producuntur,
884 1754 953 1831 lege
983 1763 1082 1818 tamen
1112 1775 1168 1818 na-

65 1843 164 1904 scendi
195 1860 256 1903 ιιοιι
288 1847 421 1902 servata.
483 1841 519 1901 Et
548 1858 642 1918 supra
662 1841 820 1901 hominum
844 1843 1048 1904 conditionem
1071 1846 1168 1922 gessit

64 1946 96 1990 ea
125 1945 206 2006 quae
235 1930 368 1989 bominis
399 1935 483 2003 sunt;
517 1929 735 1989 elementorum
759 1930 840 1992 enim
863 1935 1004 1989 naturam
1025 1932 1166 1991 immuta·

64 2018 114 2090 rit,
148 2015 222 2075 nihil
246 2019 313 2092 ipse
335 2016 511 2082 immutatus
534 2016 599 2074 suis
622 2013 791 2091 gressibus.
853 2013 915 2074 Hoc
938 2015 1019 2076 clare
1042 2017 1167 2077 demon-

64 2108 135 2164 strat
157 2118 239 2178 aqua
258 2119 314 2178 ρει
337 2118 371 2161 se
392 2101 559 2173 instabilis,
589 2115 669 2175 (tuac
691 2100 863 2176 pedamen
886 2103 1011 2161 materia
1034 2109 1063 2163 et
1085 2108 1166 2163 terra

62 2195 266 2250 concretorum
290 2189 479 2266 gravitatem·
492 2189 636 2261 sustinet,
661 2202 759 2262 neque
782 2191 884 2247 tamen
908 2187 1002 2263 cedit,
1027 2189 1081 2248 sed
1105 2190 1164 2248 vir·
1261 2212 1264 2220 ¹

62 2282 120 2336 inte
148 2273 374 2352 supernaturali
404 2276 470 2334 sinc
494 2272 654 2334 diffusione
677 2273 825 2335 subsistit.
881 2272 958 2333 Vere
979 2276 1083 2349 utiquc
1105 2276 1165 2335 sic·

61 2364 99 2422 ris
127 2361 276 2438 pedibus,
304 2360 401 2431 mole,
429 2353 554 2437 corpore
583 2360 765 2430 amatoria,
793 2364 823 2419 et
844 2359 979 2434 pondere
1007 2360 1162 2438 praeditis,

61 2448 157 2509 fluxas
186 2453 219 2508 ει
245 2447 401 2508 instabiles
432 2454 536 2524 aquas
557 2449 765 2524 pertransiens
798 2446 1028 2523 obambulabat,
1064 2447 1165 2509 calca-

61 2535 167 2612 batque
190 2550 274 2594 more
304 2539 448 2609 tanquam
478 2537 701 2611 pavimentum,
736 2533 825 2592 simul
853 2549 922 2594 cum
948 2536 1085 2609 potentia
1110 2534 1163 2596 de·

59 2623 135 2682 itatis
171 2635 260 2682 suae·
284 2621 526 2698 inseparabiliter
563 2636 615 2697 per
651 2636 719 2681 earn
755 2619 1027 2681 inambulationem
1060 2623 1163 2682 carnis

57 2709 426 2786 propriaeoperationenr
449 2712 702 2768 commonstrans.
755 2705 851 2767 Huius
882 2707 1033 2782 siquidem
1051 2710 1162 2785 ,carnis

10 2798 12 2813 '
58 2796 193 2871 proprius
225 2799 291 2854 erat
320 2792 369 2854 itte
397 2793 573 2855 ambulandi
603 2798 719 2867 motus,
755 2807 946 2872 nequaquam
976 2799 1079 2855 autem
1107 2796 1163 2856 im-

58 2897 183 2942 mensae
205 2886 235 2942 et
257 2881 560 2955 supersubstantialis
583 2879 703 2940 deitatis
725 2879 752 2937 ei
775 2895 828 2954 per
848 2879 1029 2956 hypostasin
1055 2880 1163 2941 aduni-

58 2973 111 3027 tae.
169 2966 303 3027 Verbum
327 2968 407 3027 enim
430 2966 689 3043 superessentiale
712 2966 762 3025 ιιιιι
785 2965 880 3025 semel
901 2965 1033 3027 bominis
1055 2983 1164 3027 essen·

58 3054 125 3115 dam
152 3054 342 3129 adsumpsit,
380 3054 470 3114 simul
500 3057 568 3114 cum
598 3069 636 3114 ea
657 3051 763 3120 habuit
785 3056 814 3112 ει
835 3053 950 3112 motum
972 3053 1080 3130 plene,
1111 3055 1163 3129 qui

56 3139 166 3203 bomini
197 3141 337 3217 proprius
368 3146 429 3211 est,
461 3141 572 3216 quique
602 3141 668 3199 eius
692 3138 857 3199 essentiam
880 3140 1065 3216 generaliter
1089 3139 1162 3202 oha-

57 3229 229 3303 ractcrizat,
253 3229 344 3301 inque
365 3227 401 3285 iis
425 3228 566 3288 omnibus
589 3225 777 3288 naturaiiter
788 3225 979 3301 specificatur
1000 3226 1030 3284 in
1050 3227 1161 3300 quibus

55 3319 87 3388 nt
113 3314 205 3372 bomo
232 3313 435 3390 operabatur3
472 3312 717 3388 quandoquidem
749 3327 818 3371 vere
847 3310 946 3372 iactus
975 3317 1023 3372 est
1057 3311 1161 3384 bomo,

55 3401 238 3477 respirabat,
262 3398 441 3474 loquebatur
447 3443 458 3476 ,
481 3400 675 3469 ambulabat,
699 3414 806 3458 manus
830 3400 987 3471 movebat,
1018 3399 1160 3460 sensibus

54 3486 194 3547 utebatur
222 3490 426 3564 congruenter
453 3486 492 3546 ad
520 3503 570 3546 res
600 3485 760 3546 sensibiles
779 3483 1010 3564 percipiendas,
1046 3487 1163 3546 esurie-

55 3574 118 3645 bat,
151 3573 289 3646 sitiebat,
319 3570 446 3647 edebat,
482 3571 665 3645 dormiebat,
702 3572 901 3648 fatigabatur,
936 3571 1161 3642 lacrimabatur,

55 3659 297 3729 contristabatur,
355 3658 500 3731 Quamvis
528 3659 646 3720 ιιιιειιιιι
677 3660 760 3717 esset
787 3659 924 3733 potentia
953 3674 1007 3733 per
1030 3673 1064 3718 se
1088 3659 1162 3718 sub-

54 3746 185 3820 sistens,
214 3750 244 3805 et
272 3761 309 3807 ea
330 3746 360 3806 in
385 3761 419 3806 se
442 3747 609 3819 contineret
631 3745 732 3804 omnia
754 3760 808 3819 ρει
832 3759 910 3819 quae
933 3743 1024 3803 modo
1046 3743 1161 3805 liberri-

55 3847 117 3908 mo,
156 3824 219 3895 n'ou
255 3847 346 3908 secus
380 3849 418 3893 ac
453 3834 556 3894 anima
585 3848 696 3907 corpus
727 3831 783 3890 sibi
813 3829 957 3891 adnutum
986 3830 1163 3892 naturaliter

53 3914 170 3989 movet,
200 3922 390 3994 assumptam
414 3914 553 3980 naturam
577 3920 713 3996 agitans,
739 3920 772 3975 ut
794 3932 881 3976 suam
906 3923 936 3976 ει
959 3909 1028 3977 vere
1051 3916 1160 3978 iactam

50 4172 91 4221 21.
113 4165 165 4220 τὸν
190 4185 240 4223 om.
260 4169 302 4220 ed
322 4169 376 4222 Gai
456 4165 703 4248 ratramnum.
731 4166 785 4216 (tat.
863 4167 904 4220 23.
930 4162 1160 4233 desponsaret.

50 4239 105 4291 ιιεΙ.
172 4239 215 4292 24.
235 4236 349 4308 γεηρῶν
368 4241 409 4291 cd.
431 4237 485 4291 Gai.
558 4238 602 4288 26.
623 4231 723 4286 οὐσίαν
741 4249 791 4286 om.
812 4235 853 4290 r.d
872 4235 926 4288 Gal.
986 4238 1039 4290 26
1058 4233 1161 4288 ἐπεπο-

47 4304 153 4445 pipeesg
164 4308 279 4429 egaltial.
331 4309 373 4360 27.
393 4304 574 4360 infodite!
627 4305 670 4356 28.
691 4297 723 4355 dr
743 4299 824 4368 αὐτῆς
842 4307 883 4357 ed.
903 4305 957 4358 Gal.
1010 4306 1051 4358 29.
1071 4302 1161 4372 ἐνειρ-
