2768 4784
124 390 218 452 gnum
249 378 344 450 atque
370 370 505 434 divinum
535 371 618 433 bunc
646 373 826 449 magistrum
854 375 1028 435 contollitur
1055 392 1123 436 cum
1146 392 1236 438 cruce

124 479 177 539 per
205 478 265 521 nos
293 464 324 521 in
354 461 461 536 spiritu
490 460 528 519 ad
557 461 653 534 ipsius
683 460 780 520 instar
801 459 954 521 exaltatos
977 463 1063 523 solus
1087 479 1235 539 summus,

125 548 196 608 dum
218 548 448 623 peractionem
470 550 501 605 et
523 560 602 621 quae
624 547 652 604 ei
674 544 822 606 adhaeret
839 548 1113 623 impassibilitatem
1132 565 1187 610 nos
1205 552 1235 610 in

127 636 331 712 cognitionem
352 632 592 703 introducimur,
614 647 727 710 perque
750 632 830 692 hanc
851 635 882 692 in
905 635 1097 696 immateriali
1120 641 1237 696 mentes

127 721 165 781 ad
203 721 366 798 mysticam
405 718 576 780 exaltamur
613 718 783 779 divinorum
820 721 1109 797 contemplationem
1146 728 1237 798 atque

127 808 343 882 initiationem,
373 805 473 866 audeo
495 805 609 865 addere
632 806 721 866 etiam
746 809 1000 868 communionem.

128 960 183 1036 Ex
206 961 340 1037 eodem
362 981 545 1050 sermone,
573 959 612 1032 in
636 958 750 1049 illud,
785 955 931 1049 ,Sermo
956 964 1159 1034 crassatur}

233 1096 321 1170 Quod
344 1108 445 1156 sermo
468 1102 640 1168 crassatur,
669 1095 789 1154 divinus
813 1097 958 1172 magister
980 1095 1054 1169 bac,
1086 1097 1117 1154 ni
1140 1094 1235 1167 lallor,

128 1181 202 1243 dixit
225 1182 394 1251 sententia,
417 1178 465 1239 vei
488 1182 569 1256 quod
592 1197 709 1257 sermo,
741 1197 811 1240 cum
834 1182 962 1258 simplex
982 1187 1073 1255 atque
1095 1182 1237 1256 incorpo-

130 1269 199 1329 ralis
236 1270 276 1330 sit
308 1264 477 1340 omnesque
510 1284 549 1327 ex
582 1266 687 1327 ordine
717 1267 910 1343 spiritualiter
942 1268 1062 1327 divinas
1090 1269 1121 1326 iu
1151 1265 1236 1327 caelo

129 1361 295 1432 potestates
324 1354 455 1427 nutriat,
494 1370 547 1430 per
577 1371 667 1414 suurn
696 1369 818 1428 quoque
839 1356 870 1413 in
895 1371 987 1415 carne
1009 1354 1175 1413 adventum
1198 1352 1236 1411 de

129 1444 214 1503 nobis
248 1447 370 1519 propter
398 1456 457 1498 nos
488 1448 521 1501 ut
551 1457 624 1514 nos,
666 1440 722 1499 sed
752 1442 818 1500 sine
848 1436 990 1519 pec'cato,
1031 1440 1162 1501 crassari
1192 1439 1238 1498 di·

129 1536 241 1606 guatus
277 1530 333 1604 sit,
374 1527 525 1601 uobisque
560 1532 764 1603 congruenter
799 1532 830 1586 et
864 1529 991 1588 vocibus
1029 1533 1059 1586 et
1090 1524 1237 1601 exemplis

128 1630 281 1691 exponere
316 1612 485 1674 doctrinam
521 1612 559 1672 de
592 1614 683 1672 rebus
713 1612 845 1673 infandis
875 1616 1036 1688 omnisque
1066 1614 1149 1673 verbi
1177 1612 1237 1675 vim

128 1706 324 1779 superantem
346 1700 511 1777 (parabolis
534 1704 613 1760 enim
636 1700 766 1760 traditur
788 1702 891 1761 omnia
913 1716 1076 1761 enarrasse
1098 1705 1129 1760 et
1151 1704 1238 1759 extra

128 1789 293 1864 parabolae
322 1788 452 1865 liguram
482 1803 542 1846 non
574 1787 734 1861 quicquam
765 1787 969 1863 explanasse;
1005 1803 1128 1847 amasse
1157 1786 1237 1846 euim

129 1876 168 1935 itu
191 1874 350 1951 discipulis
373 1875 439 1933 suis
461 1874 519 1944 uti,
545 1872 667 1947 quando
691 1874 845 1934 eruditores
869 1874 1057 1951 originaliter
1078 1873 1159 1933 dicta
1181 1872 1237 1932 ml-

129 1977 186 2022 nus
215 1966 470 2037 assequerentur,
503 1959 641 2034 adeoque
665 1975 718 2020 eos
740 1962 769 2018 in
800 1977 974 2021 sermonum
997 1959 1235 2037 intellegentiam

129 2062 320 2125 assensum
349 2043 529 2127 deducere):
568 2045 614 2104 vel
638 2047 718 2121 quod
742 2048 771 2104 in
795 2063 896 2106 rerurn
920 2051 1092 2121 quaesunt
1114 2045 1235 2104 rationi-

130 2136 185 2195 bus
213 2132 357 2195 ined'abili
386 2133 518 2207 quodam
547 2132 638 2190 ruodo
666 2139 789 2208 propter
817 2150 874 2192 nos
906 2148 975 2191 sese
1006 2133 1107 2208 ipsunt
1136 2129 1237 2190 occul-

128 2228 199 2282 tans
222 2224 426 2298 congruenter
449 2236 503 2295 per
525 2219 761 2293 unumquodque
785 2235 890 2280 eorum
913 2235 991 2294 quae
1014 2219 1109 2277 oculis
1134 2216 1237 2275 viden-

130 2312 177 2367 tur
198 2314 345 2383 tanquam
368 2322 421 2381 per
444 2306 562 2380 aliquas
586 2307 752 2382 scripturas
775 2306 978 2382 significatur,
1008 2309 1089 2365 totus
1113 2306 1142 2363 in
1166 2302 1236 2361 totis

128 2392 217 2455 simul
240 2388 455 2471 plenissimus,
487 2393 568 2450 etin
593 2392 722 2469 singulis
747 2392 916 2466 quibusque
938 2393 1073 2469 integer,
1103 2395 1184 2450 totus
1208 2396 1238 2448 et

129 2496 189 2541 non
219 2479 414 2548 deminutus,
442 2480 471 2536 in
503 2477 631 2537 diversis
654 2479 720 2553 ipse
744 2479 794 2552 qui
818 2494 878 2537 non
903 2478 1042 2538 diversus
1066 2477 1236 2550 eodemque

130 2582 250 2643 semper
279 2565 418 2625 existens
442 2565 550 2641 modo,
581 2565 611 2623 in
636 2566 812 2639 compositis
835 2566 885 2638 qui
908 2564 1037 2640 simplex
1058 2565 1123 2641 ipse
1146 2568 1236 2636 atque

128 2652 365 2731 incompositus,
396 2657 425 2710 et
452 2652 483 2710 in
506 2651 550 2710 eis
574 2666 652 2725 quae
674 2651 821 2727 principio
845 2657 917 2711 sunt
939 2652 1075 2711 subiecta
1097 2651 1164 2725 ipse
1186 2648 1235 2723 qui

128 2741 195 2800 sine
227 2739 391 2815 principio,
428 2742 458 2796 et
489 2737 649 2796 invisibilis
684 2738 712 2802 in
748 2738 931 2810 visibilibus,
968 2743 997 2797 et
1024 2739 1054 2796 in
1084 2738 1129 2796 eis
1158 2750 1236 2810 quae

127 2826 211 2905 tangi
234 2830 366 2902 possunt
387 2826 453 2899 ipse
476 2825 526 2898 qui
548 2824 639 2884 tactui
664 2839 724 2882 non
749 2826 915 2886 obnoxius:
945 2824 993 2884 vel
1016 2824 1238 2900 quodpropter

127 2928 201 2989 uos,
231 2914 283 2988 qui
312 2911 407 2972 crassi
437 2914 466 2969 et
495 2911 626 2987 pingues
651 2926 758 2970 sumus
781 2911 951 2987 intellectu,
981 2927 1092 2986 corpus
1115 2910 1178 2971 fieri
1202 2924 1237 2975 uc

129 3003 232 3060 nostra
268 3000 368 3076 gratia
403 2995 508 3055 litteris
537 3001 567 3055 et
596 2996 722 3072 syllabis
753 3002 782 3056 et
811 2999 938 3058 vocibus
968 2999 1093 3072 exprimi
1122 3011 1237 3071 passus

127 3092 191 3157 est,
222 3091 258 3145 ut
285 3100 325 3144 ex
356 3083 497 3143 omnibus
526 3081 574 3141 bis
606 3099 663 3142 nos
694 3099 763 3143 eum
793 3089 956 3159 sequentes
984 3089 1055 3159 post
1084 3088 1174 3161 paulo
1198 3088 1237 3148 ad

127 3184 199 3247 sese
221 3173 322 3249 ipsum
347 3169 518 3247 colligeret,
547 3170 649 3229 unitos
672 3171 701 3227 in
726 3170 848 3245 spiritu,
875 3176 904 3230 et
921 3172 952 3228 in
972 3170 1141 3247 simplicem
1158 3174 1238 3232 circa

126 3272 197 3320 eum
220 3259 365 3331 omnique
388 3254 497 3316 adactu
519 3256 644 3316 liberam
668 3257 883 3333 cogitationem
905 3255 1080 3333 reduceret,
1115 3259 1146 3316 in
1169 3264 1238 3319 tau·

124 3348 187 3408 turn
211 3360 270 3404 uos
292 3346 416 3419 propter
438 3358 473 3402 se
497 3342 553 3402 sibi
576 3340 796 3402 coadunandos
820 3342 1002 3413 adtrahens,
1035 3345 1065 3402 in
1089 3350 1236 3418 quantum

124 3430 192 3509 ipse
213 3435 336 3506 propter
357 3446 415 3488 nos
438 3429 616 3488 clementiae
638 3429 755 3488 ratione
779 3445 849 3489 sese
872 3430 1008 3489 removit.

123 3579 184 3657 Ex
211 3582 343 3657 eodem
372 3606 557 3673 sermone,
591 3584 631 3656 in
661 3583 777 3675 illud,
812 3582 915 3675 ,Non
944 3610 991 3659 ex
1015 3586 1061 3660 iis
1083 3610 1175 3685 quae
1197 3586 1237 3659 in

167 3686 257 3785 ‘ipso
287 3695 388 3777 sunt,
422 3686 487 3760 sed
513 3686 627 3760 exiis
650 3711 743 3784 quae
766 3697 851 3759 sunt
875 3688 970 3762 circa
994 3689 1132 3789 ipsum,
1163 3689 1237 3762 alia

163 3796 225 3863 'e‘x
247 3788 324 3863 alio
345 3789 501 3863 collecta
521 3790 656 3889 specie,
692 3791 730 3862 in
754 3814 871 3863 unum
895 3792 1081 3889 quoddam
1104 3792 1236 3867 verita·

173 3891 223 3967 tis
248 3890 513 3966 simulacrum‘

133 4032 166 4065 .·
231 4011 276 4072 Ex
305 4013 541 4087 essentialibus,
573 4013 603 4072 id
633 4018 680 4073 est
707 4029 746 4073 ex
775 4016 844 4089 ipsa
874 4017 1025 4090 essentia,
1057 4017 1137 4093 quod
1161 4016 1237 4080 deus

122 4100 240 4161 auant
266 4114 462 4175 nequaquam
484 4100 687 4176 cognoscitur.
746 4099 799 4159 list
821 4101 901 4160 enirn
923 4101 1016 4178 plane
1038 4103 1237 4164 intractabilis

122 4190 152 4247 et
179 4185 264 4246 invia
290 4187 453 4246 universae
483 4185 661 4260 conditioni,
698 4201 736 4244 ex
766 4188 831 4262 pari
860 4194 922 4248 tam
946 4189 1055 4249 visibili
1078 4205 1167 4266 quarn
1190 4192 1237 4251 in·

122 4270 252 4344 vultur,
285 4272 428 4350 cogitatio
458 4273 484 4333 si
513 4287 698 4348 quaeramus
732 4273 803 4348 quid
837 4273 891 4349 sit,
927 4274 982 4334 sed
1016 4292 1053 4336 ex
1087 4278 1123 4337 iis
1158 4292 1235 4352 quae

122 4360 203 4421 drea
232 4359 401 4419 assentiam
432 4364 519 4429 sunt,
554 4359 579 4418 si
609 4360 687 4419 bene
718 4364 808 4435 atque
839 4361 888 4434 pie
918 4362 1133 4437 observantur,
1166 4380 1237 4423 sese
