2752 4778
68 2161 116 2199 ιιι
132 2162 144 2198 ι
152 2154 189 2196 ιι
201 2170 219 2199 ι.
226 2133 316 2215 μέρη,
338 2151 392 2191 και
383 2121 543 2200 άπλώς“
523 2146 586 2190 οσα
597 2120 774 2234 ἐμφαντικά

227 222 299 296 ιιι
348 205 353 211 ’

224 403 328 473 θόλου
351 403 405 480 τῆς
421 402 578 485 γραφικῆς
595 402 736 482 θεωρίας
753 398 868 504 λόγον,
890 396 944 463 ἕνα
962 395 1185 482 τυγχάνοντα,
1208 395 1331 503 δεκαγός

223 487 387 592 πλατυνόμ
389 512 460 552 ενον
488 489 704 590 θεωρεῖσθαι,
742 481 846 571 τόπῳ,
877 484 1002 572 χρόνῳ,
1034 487 1137 589 γένει,
1176 507 1333 570 προςωιιιγ,

225 573 354 665 άξίηι,
342 598 439 657 ηγουν
461 569 697 655 ἐπιτηδεύματι,
728 573 905 680 πρακτική,
929 574 1064 677 φυσική,
1086 573 1272 682 θεολογικῇ
1291 596 1334 655 φι-

224 667 385 770 λοσοφίηι,
419 659 581 738 ἐνεστῶτι,
610 662 662 722 καὶ
683 656 898 740 μέλλοντι,’
883 654 981 740 ήγουν
1003 638 1107 761 τόπιγ
1116 662 1176 722 καὶ
1198 653 1334 761 ἀληθείη,

225 755 280 817 καὶ
303 738 399 821 αὖθις
421 743 637 828 συναγόμενον
658 742 731 819 τοὺς
751 746 844 808 πέντε
863 747 949 847 τρισὶ
966 741 1190 849 περιγράφειν
1203 741 1334 828 τρόποις,

225 842 278 903 καὶ
302 832 399 898 πάλιν
420 835 493 896 δυσὶ
515 830 587 906 τοὺς
609 840 724 935 τρεῖς,
737 833 791 894 καὶ
813 827 887 905 τοὺς
909 826 1001 893 δάο
989 834 1034 894 ενλ
1057 833 1247 937 συγκλείειν
1265 853 1335 894 παν·

226 923 321 996 τελώς
351 917 392 1002 μή
426 914 654 1028 άριθμουμένῳ
669 915 785 1020 λόγῳ·
826 909 897 980 οἷον
925 912 999 991 τοός
1027 912 1109 981 κατά
1138 914 1267 1021 χρόνον
1291 941 1335 982 κιιι

226 1007 326 1074 τόπον
349 1010 401 1070 καὶ
424 1008 514 1087 γένος
535 1008 589 1068 καὶ
611 1001 783 1086 πρόςωπον
805 1006 858 1067 καὶ
880 998 998 1084 άξίαν,
1010 1005 1107 1067 πέντε
1125 1000 1334 1086 τυγχάνοντες,

225 1095 271 1170 εἷς
298 1101 382 1175 τρεῖς
408 1088 554 1194 συνάγειν
584 1088 656 1165 τοὺς
680 1093 733 1169 τῆς
756 1092 929 1171 πρακτικῆς
948 1093 1003 1153 καὶ
1026 1093 1168 1199 φυσικῆς
1190 1095 1248 1154 καὶ
1267 1093 1336 1154 θεν·

224 1182 369 1284 λογικῆς,
404 1175 534 1252 τοότους
566 1178 602 1240 δὲ
633 1172 730 1240 πάλιν
759 1185 842 1260 τρεις
872 1172 979 1256 ὄντας,
1014 1175 1061 1250 είς
1088 1170 1167 1252 δόο,
1208 1172 1283 1251 τοδς
1306 1173 1336 1239 τό

225 1263 331 1352 παρόν
359 1288 391 1328 τε
420 1268 473 1328 καὶ
501 1259 537 1327 τό
566 1264 684 1346 μέλλον
712 1266 938 1345 σημαίνοντας,
973 1266 1027 1326 καὶ
1056 1258 1197 1337 τοάτους
1225 1259 1322 1338 εὶς
1291 1286 1337 1369 τρν

225 1348 405 1418 τελεστικόν
437 1353 501 1413 καὶ
522 1344 662 1457 άπλοάν,
698 1347 740 1424 ώς
767 1374 865 1452 φασι,
902 1352 957 1412 καὶ
985 1345 1114 1412 πάντων
1140 1345 1338 1429 περιεκτικόν
1365 1352 1372 1373 “

225 1434 365 1549 άρρητον
388 1434 501 1518 λόγον,
527 1425 620 1510 ἐξ
580 1460 618 1499 ου
639 1432 717 1500 κατά
740 1432 885 1538 πρόοδον
906 1436 1032 1543 γέγονεν
1054 1428 1072 1512 5
1096 1433 1264 1514 καθολικῆ
1286 1438 1337 1499 τάι

225 1522 288 1589 5⁷15
311 1527 454 1605 θεωρίαν
477 1523 530 1627 τῆς
550 1524 674 1631 γραφῆς
695 1518 833 1629 τρόπων
844 1517 951 1601 δεκάς,
973 1525 1027 1584 καὶ
1049 1515 1142 1596 είς“
1120 1544 1161 1584 ον
1185 1515 1232 1597 ώς
1248 1518 1338 1626 άργῆν

227 1608 305 1715 κατά
329 1604 532 1697 περιγραφήν
562 1604 577 1686 5
599 1603 676 1686 ἀὐτῆ
701 1599 833 1683 δεκάς’
813 1609 1006 1681 ανατατικώς
1027 1605 1072 1681 εἷς
1093 1605 1229 1689 μονάδα
1250 1612 1339 1675 παλιν,

227 1691 404 1803 συνάγεται.
454 1695 521 1757 Καὶ
551 1690 630 1758 κατά
656 1697 716 1777 μὲν
766 1691 863 1799 ρόνον
894 1685 912 1756 5
940 1696 992 1771 τῆς
1020 1696 1148 1798 γραφῆς
1171 1698 1337 1803 θεωρεῖται

227 1776 382 1867 λόγος,ι
367 1786 458 1859 ηνίκα
487 1776 523 1842 τό
553 1804 650 1861 ποτε,
679 1778 715 1844 τό
743 1719 796 1858 ῆν,
831 1775 867 1842 τό
897 1778 981 1856 έστι,
1010 1774 1046 1843 τό
1070 1778 1184 1858 ἔσται,
1221 1778 1259 1846 τό
1254 1777 1337 1891 πρό

229 1872 339 1948 τοῦδε,
361 1864 397 1930 τό
420 1860 542 1973 παρόν,
568 1864 604 1930 τὸ
622 1864 700 1974 μετά
724 1863 813 1946 τάδε,
836 1870 888 1929 καὶ
911 1863 963 1928 ἐπὶ
987 1867 1096 1946 τοῦδε,
1126 1871 1186 1931 καὶ
1210 1862 1266 1930 575
1286 1862 1337 1950 άρ-

227 1960 301 2042 γῆς,
329 1950 364 2016 τό
387 1949 570 2062 παρελθόν,
599 1977 635 2016 το
657 1954 792 2060 μέλλον,
817 1948 979 2025 ένιαυτοός
1000 1974 1032 2016 τε
1053 1956 1109 2015 καὶ
1126 1977 1286 2062 καιρους
1291 1978 1338 2019 και

226 2046 327 2151 μῆνας
353 2044 406 2104 καὶ
433 2035 614 2146 ἑβδομάδας
641 2043 694 2103 καὶ
723 2033 781 2140 ήμε
802 2061 840 2112 ας
866 2042 920 2102 καὶ
948 2036 1059 2112 νόκτας
1080 2042 1137 2102 καὶ
1161 2038 1205 2103 τὰ
1227 2037 1340 2107 τοάτον

782 2062 800 2211 5
805 2121 933 2233 χρόνρυ,
955 2126 1061 2202 δηλοῖ·
1083 2121 1168 2189 κατά
1185 2124 1273 2192 δε
1234 2150 1340 2205 τοπον,

229 2216 325 2281 όταν.
337 2209 475 2316 οόρανόν
503 2216 557 2276 καὶ
585 2214 641 2294 γῆν
667 2215 721 2276 καὶ
749 2207 828 2297 άέρα
850 2215 903 2275 καὶ
925 2208 1112 2287 θάλασσαν,
1121 2211 1341 2323 οἰκουμένην,

228 2305 368 2407 πέρατα,
389 2296 513 2406 χώρας,
534 2295 664 2378 νήσους,
685 2295 812 2406 πόλεις,
834 2292 945 2377 ναοός,
967 2294 1088 2405 κώμας,
1112 2293 1254 2406 άγροδς,
1277 2297 1339 2384 ὄρη,

230 2386 411 2474 φάραγγας,
441 2380 552 2491 ὁδοὺς,
579 2380 761 2492 ποτριμοδς,
788 2381 937 2470 ἐρήμους,
966 2379 1094 2462 ληνοδς,
1117 2383 1264 2464 ἅλωνας,
1285 2383 1341 2470 όμ-

228 2477 388 2555 πελώνας,
416 2477 471 2536 καὶ
500 2465 658 2546 άπλώς“
638 2495 700 2535 οσα
723 2468 827 2535 τόπον
845 2470 1087 2578 γαρακτηρίζειν
1108 2468 1265 2579 δόναται,
1292 2498 1341 2552 ση-
1372 2446 1374 2503 5

228 2566 359 2671 μαίνη·
374 2555 453 2623 κατά
481 2560 571 2666 γένος
599 2560 649 2633 55,
679 2560 864 2631 καθολικῶς
889 2559 948 2661 μὲν
975 2552 1098 2620 όπόταν
1120 2550 1340 2642 άγγέλους,ῆ

230 2648 294 2714 ὅσα
322 2648 375 2724 τῆς
405 2647 437 2707 έν
462 2640 611 2751 σόρανοῖς
631 2642 700 2709 ἔστι
723 2647 785 2707 τών
805 2646 934 2753 νοερών
949 2638 1067 2707 οὕσιών
1088 2644 1338 2730 διακοσμήσεως,

229 2731 311 2842 πρός
339 2734 374 2794 δὲ
402 2735 454 2794 καὶ
482 2728 573 2807 ῆλιον
602 2734 655 2794 καὶ
679 2727 825 2809 σελήνην,
856 2751 1009 2838 αστερας,
1034 2731 1139 2811 πῖιρ,·
1144 2736 1206 2796 καὶ
1228 2729 1339 2800 όσαέτ

230 2815 320 2925 δέρε,
342 2814 436 2880 έν
397 2841 453 2922 γη,
480 2814 514 2879 έν
534 2813 684 2922 θαλάσση
707 2813 852 2922 τυγχάνει
876 2812 1007 2897 όντα,η
989 2811 1164 2894 ήζώα,”
1143 2842 1162 2894 η
1170 2816 1338 2926 ζωόφυτιι,

230 2901 249 3009 5⁸
272 2900 369 2988 φυτὰ,
401 2904 453 2964 καὶ
477 2898 539 2967 όσα
562 2899 596 2965 ἐκ
618 2905 672 2984 γῆς
691 2897 913 3001 μεταλλεύεται
936 2906 990 2966 καὶ
1012 2905 1139 2986 τέχναις
1159 2899 1338 3010 άνθριίποιι

228 2993 420 3065 υποπίπτει,
455 2992 509 3052 καὶ
539 2986 601 3053 όσα
631 2986 721 3069 ἕτερα
751 2983 898 3068 τοιαῦτα,
937 2991 1043 3066 δηλοῖ,
1079 2986 1286 3100 ἰδιοτρόπως
1309 2991 1338 3055 55

231 3073 345 3147 πάλιν,
368 3072 446 3139 ὅταν
447 3070 671 3182 ἀνθρώπους,
699 3074 805 3184 έθνη,
817 3072 929 3151 λαοὺς,
944 3071 1116 3183 γλώσσας,
1138 3074 1263 3161 φυλάς,
1283 3102 1336 3141 ιτα·

232 3160 336 3246 τριάς,
365 3170 418 3225 καὶ
441 3158 504 3225 όσα
527 3164 674 3236 τοιαῦτα,
706 3161 764 3226 σὺν
785 3156 958 3264 άριθμῴ”
940 3186 955 3238 η
973 3156 1129 3268 άριθμοῢ
1148 3169 1255 3274 χωρὶς
1273 3159 1335 3230 όνο

230 3248 327 3357 μάζη·
361 3244 440 3312 κατά
462 3245 634 3356 πρόςωπον
657 3245 759 3324 δὲ,“
738 3272 815 3312 οταν
838 3244 927 3312 τόνδε
950 3242 1005 3310 τόν
1027 3243 1184 3357 άγγελον,
1216 3248 1334 3331 ήτόνδε

232 3335 287 3401 τόν
315 3331 527 3419 υἷρχάγγελον,
559 3330 814 3442 ήΣεραφῐμ,”
795 3360 812 3412 η
843 3332 906 3399 ὅσα
935 3335 997 3397 τών
1025 3331 1058 3396 έν
1043 3330 1257 3447 νοόρανοῖς
1265 3341 1334 3403 ausa·

227 3423 375 3533 τωμένων
403 3424 521 3529 νοερών
551 3415 686 3500 οδσιών,
719 3416 800 3522 ξξ’
781 3418 940 3502 ονόματος
967 3419 1108 3509 καλή,ῆ
1133 3422 1332 3532 Αβραάμ,τ

227 3504 402 3588 Ἰσαάκ,’
390 3533 406 3584 η
432 3503 609 3588 Ἰακώβ,’
595 3533 611 3585 η
640 3503 749 3615 ἕτερόν
776 3530 846 3569 τινα
868 3509 929 3570 τών
951 3503 984 3569 έν
1005 3487 1172 3618 έπαίνιμ”
1150 3535 1169 3588 η
1185 3509 1320 3619 ψόγιγτ

231 3596 338 3703 γραφῇ
370 3594 535 3675 κειμένων,
571 3589 610 3656 δι’
644 3588 802 3700 όνόματρς
834 3594 1031 3697 παραδηλοί·
1071 3589 1141 3657 κατ
1175 3590 1271 3673 άξίαν
1298 3597 1333 3673 δι,

232 3677 323 3790 ῆνίκα
344 3676 565 3787 βασιλείαν,’
552 3704 568 3756 η
566 3674 783 3760 ’βασιλέα,”
765 3705 781 3757 η
806 3682 960 3760 ποιμένα,
989 3703 1006 3756 η
1027 3703 1189 3787 ποιμνην,
1212 3710 1230 3763 η
1217 3679 1333 3768 ”ίερέα,

231 3763 461 3849 ήίερωσόνην,
498 3763 694 3873 ήγεωργόν,
729 3761 961 3869 ήστρατηγόν,
978 3760 1264 3873 ήάρχιτέκτονα,
1289 3791 1332 3833 και

230 3806 339 3927 άπλῶς
375 3850 409 3916 εἲ
438 3877 466 3913 τι
503 3848 582 3915 άλλο
612 3855 673 3915 τών
702 3844 752 3925 οἷς
764 3850 924 3958 διήρηται
955 3847 990 3914 τό
1019 3846 1234 3936 άνθρώπινον
1258 3858 1333 3961 γένος

232 3935 466 4019 ἐπιτηδεύμασι
513 3939 635 4000 Ταῦτα
628 3935 703 4020 γάρ
726 3936 828 4001 πάντα
851 3937 914 4002 ὅσα
937 3947 1009 4011 τοις
1021 3939 1113 4002 πέντε
1130 3942 1332 4026 περιεχόμενα

232 4023 367 4131 τρόποις
387 4018 543 4132 έδειξενι
527 4048 544 4087 ο
568 4020 663 4106 λόγος
686 4021 782 4109 οόσίηι
800 4029 853 4087 καὶ
872 4019 1001 4106 δυνάμει
1019 4048 1071 4087 και
1062 4022 1269 4131 ἐνεργείᾳ,
1276 4034 1334 4100 ταῖς

232 4115 305 4216 περὶ
328 4107 405 4174 αδτό
430 4107 571 4217 πρώταις
593 4112 785 4216 διαιρέσεσι,
814 4107 1041 4190 συνιστάμενα,
1075 4105 1094 4188 5
1117 4123 1206 4178 κινεῖ
1223 4112 1333 4185 πάντως

232 4192 250 4274 5
272 4205 421 4275 κινεῖται,
449 4194 465 4273 5
462 4193 701 4303 ένεργειται”
682 4223 698 4275 η
724 4195 856 4300 ένεργεῖ,
888 4192 906 4274 5
915 4192 1090 4301 θεωρεϊ’
1071 4222 1088 4275 η
1097 4191 1332 4306 θεωρειται,ῆ

231 4278 367 4349 λαλεΐ’“
349 4307 364 4359 η
396 4278 607 4362 λαλεῖται,”
588 4309 605 4361 η
637 4278 826 4347 διδάσκει’“
808 4309 825 4361 η
850 4279 1050 4362 διδάσκεται,
1084 4278 1284 4393 ῆέπιτροπή
1272 4278 1331 4392 ’νῆ

230 4360 417 4451 άποτροπῆν
438 4370 578 4451 δέχεται,
601 4374 654 4433 καὶ
676 4364 813 4445 άπλώς“
801 4395 853 4433 ινα
871 4363 1008 4435 συνελών
1027 4367 1167 4452 εἴπω,”
1147 4397 1164 4450 η
1186 4376 1330 4441 ποιοῦντι

1284 3308 1372 3885 λ

1321 3938 1371 4397 ι

1367 4380 1375 4499 5
