<?xml version="1.0" encoding="UTF-8"?>
<!DOCTYPE html PUBLIC "-//W3C//DTD XHTML 1.0 Transitional//EN"
    "http://www.w3.org/TR/xhtml1/DTD/xhtml1-transitional.dtd">
<html xmlns="http://www.w3.org/1999/xhtml" xml:lang="en" lang="en">
 <head>
  <title>
</title>
<meta http-equiv="Content-Type" content="text/html;charset=utf-8" />
  <meta name='ocr-system' content='tesseract 3.04.00' />
  <meta name='ocr-capabilities' content='ocr_page ocr_carea ocr_par ocr_line ocrx_word'/>
</head>
<body>
  <div class='ocr_page' id='page_1' title='image "./sanctipatrisnos00maxigoog_0383.png"; bbox 0 0 2752 4778; ppageno 0'>
   <div class='ocr_carea' id='block_1_1' title="bbox 236 206 307 282">
    <p class='ocr_par' dir='ltr' id='par_1_1' title="bbox 236 206 307 282">
     <span class='ocr_line' id='line_1_1' title="bbox 236 206 307 282; baseline -0.014 0"><span class='ocrx_word' id='word_1_1' title='bbox 236 206 307 282; x_wconf 77' lang='lat'><strong><em>348</em></strong></span> 
     </span>
    </p>
   </div>
   <div class='ocr_carea' id='block_1_2' title="bbox 71 386 1376 4439">
    <p class='ocr_par' dir='ltr' id='par_1_2' title="bbox 71 386 1363 821">
     <span class='ocr_line' id='line_1_2' title="bbox 71 386 1331 499; baseline 0.002 -48"><span class='ocrx_word' id='word_1_2' title='bbox 71 411 153 461; x_wconf 55' lang='grc' dir='ltr'><strong><em>τινα».</em></strong></span> <span class='ocrx_word' id='word_1_3' title='bbox 165 404 217 459; x_wconf 70' lang='grc' dir='ltr'><strong><em>τε.</em></strong></span> <span class='ocrx_word' id='word_1_4' title='bbox 233 415 322 469; x_wconf 90' lang='grc' dir='ltr'><strong><em>τητος</em></strong></span> <span class='ocrx_word' id='word_1_5' title='bbox 358 387 375 454; x_wconf 92' lang='lat'><strong><em>6</em></strong></span> <span class='ocrx_word' id='word_1_6' title='bbox 410 392 507 499; x_wconf 86' lang='grc' dir='ltr'><strong><em>μέγας</em></strong></span> <span class='ocrx_word' id='word_1_7' title='bbox 541 386 720 466; x_wconf 74' lang='grc' dir='ltr'><em>ἀπόστολος</em></span> <span class='ocrx_word' id='word_1_8' title='bbox 756 386 900 493; x_wconf 82' lang='grc' dir='ltr'><strong><em>ῦπεράνω</em></strong></span> <span class='ocrx_word' id='word_1_9' title='bbox 931 388 1050 465; x_wconf 84' lang='grc' dir='ltr'><strong><em>παντὸς</em></strong></span> <span class='ocrx_word' id='word_1_10' title='bbox 1080 386 1250 473; x_wconf 78' lang='grc' dir='ltr'><strong><em>ὀνόματος</em></strong></span> <span class='ocrx_word' id='word_1_11' title='bbox 1277 387 1331 456; x_wconf 76' lang='lat'><strong><em>666</em></strong></span> 
     </span>
     <span class='ocr_line' id='line_1_3' title="bbox 232 470 1363 586; baseline 0.003 -47"><span class='ocrx_word' id='word_1_12' title='bbox 232 477 419 586; x_wconf 84' lang='grc' dir='ltr'><strong><em>μαζομένου</em></strong></span> <span class='ocrx_word' id='word_1_13' title='bbox 439 472 536 555; x_wconf 77' lang='lat'>66656</span> <span class='ocrx_word' id='word_1_14' title='bbox 562 470 732 583; x_wconf 76' lang='grc' dir='ltr'><strong><em>εἰναι,’</em></strong></span> <span class='ocrx_word' id='word_1_15' title='bbox 695 502 732 541; x_wconf 92' lang='grc' dir='ltr'><strong><em>ου</em></strong></span> <span class='ocrx_word' id='word_1_16' title='bbox 750 473 857 583; x_wconf 91' lang='grc' dir='ltr'><strong><em>μόνον</em></strong></span> <span class='ocrx_word' id='word_1_17' title='bbox 879 473 912 540; x_wconf 82' lang='grc' dir='ltr'><strong><em>ἰν</em></strong></span> <span class='ocrx_word' id='word_1_18' title='bbox 934 478 992 584; x_wconf 83' lang='grc' dir='ltr'><strong><em>τῷ</em></strong></span> <span class='ocrx_word' id='word_1_19' title='bbox 999 474 1094 540; x_wconf 85' lang='grc' dir='ltr'><strong><em>αἰῶνι</em></strong></span> <span class='ocrx_word' id='word_1_20' title='bbox 1123 476 1247 580; x_wconf 78' lang='grc' dir='ltr'><strong><em>τούτῳ,</em></strong></span> <span class='ocrx_word' id='word_1_21' title='bbox 1274 471 1332 556; x_wconf 81' lang='lat'>6666</span> <span class='ocrx_word' id='word_1_22' title='bbox 1356 477 1363 497; x_wconf 82' lang='lat'><strong><em>¹</em></strong></span> 
     </span>
     <span class='ocr_line' id='line_1_4' title="bbox 232 557 1334 673; baseline 0.001 -45"><span class='ocrx_word' id='word_1_23' title='bbox 232 568 286 628; x_wconf 81' lang='grc' dir='ltr'><strong><em>καὶ</em></strong></span> <span class='ocrx_word' id='word_1_24' title='bbox 314 561 348 626; x_wconf 86' lang='lat'><strong><em>66</em></strong></span> <span class='ocrx_word' id='word_1_25' title='bbox 375 566 419 649; x_wconf 79' lang='grc' dir='ltr'><strong><em>τῷ</em></strong></span> <span class='ocrx_word' id='word_1_26' title='bbox 445 564 591 645; x_wconf 88' lang='grc' dir='ltr'><strong><em>μέλλοντι</em></strong></span> <span class='ocrx_word' id='word_1_27' title='bbox 623 561 677 641; x_wconf 82' lang='grc' dir='ltr'><strong><em>τήν</em></strong></span> <span class='ocrx_word' id='word_1_28' title='bbox 648 558 782 664; x_wconf 80' lang='grc' dir='ltr'><strong><em>γμετοί</em></strong></span> <span class='ocrx_word' id='word_1_29' title='bbox 811 565 918 626; x_wconf 79' lang='grc' dir='ltr'><strong><em>πᾶσαν</em></strong></span> <span class='ocrx_word' id='word_1_30' title='bbox 945 557 1076 626; x_wconf 87' lang='grc' dir='ltr'><strong><em>πάντων</em></strong></span> <span class='ocrx_word' id='word_1_31' title='bbox 1098 565 1167 628; x_wconf 91' lang='grc' dir='ltr'><strong><em>τῶν</em></strong></span> <span class='ocrx_word' id='word_1_32' title='bbox 1157 560 1334 673; x_wconf 79' lang='grc' dir='ltr'><strong><em>χαρισμό·</em></strong></span> 
     </span>
     <span class='ocr_line' id='line_1_5' title="bbox 234 625 1335 759; baseline 0 -46"><span class='ocrx_word' id='word_1_33' title='bbox 234 673 295 713; x_wconf 88' lang='grc' dir='ltr'><strong><em>των</em></strong></span> <span class='ocrx_word' id='word_1_34' title='bbox 327 625 479 730; x_wconf 79' lang='lat'>66666565&#39;6</span> <span class='ocrx_word' id='word_1_35' title='bbox 509 672 540 712; x_wconf 88' lang='grc' dir='ltr'><strong><em>τε</em></strong></span> <span class='ocrx_word' id='word_1_36' title='bbox 570 654 623 714; x_wconf 85' lang='grc' dir='ltr'><strong><em>καὶ</em></strong></span> <span class='ocrx_word' id='word_1_37' title='bbox 625 644 808 759; x_wconf 85' lang='grc' dir='ltr'><strong><em>οἰνάβασιν</em></strong></span> <span class='ocrx_word' id='word_1_38' title='bbox 837 651 1091 755; x_wconf 81' lang='grc' dir='ltr'><strong><em>δειχθήσομένην</em></strong></span> <span class='ocrx_word' id='word_1_39' title='bbox 1125 652 1193 714; x_wconf 90' lang='grc' dir='ltr'><strong><em>τῶν</em></strong></span> <span class='ocrx_word' id='word_1_40' title='bbox 1223 648 1335 756; x_wconf 83' lang='grc' dir='ltr'><strong><em>οἰγαθάν</em></strong></span> 
     </span>
     <span class='ocr_line' id='line_1_6' title="bbox 232 730 1337 843; baseline 0.001 -44"><span class='ocrx_word' id='word_1_41' title='bbox 232 732 406 843; x_wconf 74' lang='grc' dir='ltr'><strong><em>ἀκροτάτην</em></strong></span> <span class='ocrx_word' id='word_1_42' title='bbox 434 732 575 819; x_wconf 74' lang='grc' dir='ltr'><strong><em>κορυφήν</em></strong></span> <span class='ocrx_word' id='word_1_43' title='bbox 600 733 834 817; x_wconf 90' lang='grc' dir='ltr'><strong><em>αἰνιττόμενος,</em></strong></span> <span class='ocrx_word' id='word_1_44' title='bbox 864 731 919 813; x_wconf 84' lang='lat'><strong><em>656</em></strong></span> <span class='ocrx_word' id='word_1_45' title='bbox 939 737 1049 816; x_wconf 87' lang='grc' dir='ltr'><strong><em>μηδενὶ</em></strong></span> <span class='ocrx_word' id='word_1_46' title='bbox 1072 733 1212 842; x_wconf 76' lang='grc' dir='ltr'><strong><em>λόγῳ”</em></strong></span> <span class='ocrx_word' id='word_1_47' title='bbox 1192 763 1211 816; x_wconf 89' lang='lat'><strong><em>5</em></strong></span> <span class='ocrx_word' id='word_1_48' title='bbox 1236 742 1280 823; x_wconf 78' lang='grc' dir='ltr'><strong><em>νῷ</em></strong></span> <span class='ocrx_word' id='word_1_49' title='bbox 1299 730 1337 821; x_wconf 82' lang='lat'><strong><em>55</em></strong></span> 
     </span>
    </p>

    <p class='ocr_par' dir='ltr' id='par_1_3' title="bbox 72 817 1361 3146">
     <span class='ocr_line' id='line_1_7' title="bbox 72 817 1337 928; baseline -0.003 -41"><span class='ocrx_word' id='word_1_50' title='bbox 72 823 121 865; x_wconf 73' lang='lat'><strong><em>⁰⁰⁴</em></strong></span> <span class='ocrx_word' id='word_1_51' title='bbox 134 818 224 864; x_wconf 37' lang='lat' dir='ltr'><strong><em>&#39;ww&#39;</em></strong></span> <span class='ocrx_word' id='word_1_52' title='bbox 218 818 372 928; x_wconf 49' lang='lat'>6566‘6‘</span> <span class='ocrx_word' id='word_1_53' title='bbox 354 848 371 900; x_wconf 91' lang='lat'><strong><em>5</em></strong></span> <span class='ocrx_word' id='word_1_54' title='bbox 393 825 577 904; x_wconf 81' lang='grc' dir='ltr'><strong><em>γνωσθῆναι</em></strong></span> <span class='ocrx_word' id='word_1_55' title='bbox 596 822 603 906; x_wconf 86' lang='grc' dir='ltr'>Ι</span> <span class='ocrx_word' id='word_1_56' title='bbox 622 823 810 927; x_wconf 89' lang='grc' dir='ltr'><strong><em>δυναμένην,</em></strong></span> <span class='ocrx_word' id='word_1_57' title='bbox 833 823 895 884; x_wconf 90' lang='grc' dir='ltr'><strong><em>τῶν</em></strong></span> <span class='ocrx_word' id='word_1_58' title='bbox 917 845 949 884; x_wconf 90' lang='grc' dir='ltr'><strong><em>τε</em></strong></span> <span class='ocrx_word' id='word_1_59' title='bbox 970 818 1049 884; x_wconf 78' lang='grc' dir='ltr'><strong><em>κατὰ</em></strong></span> <span class='ocrx_word' id='word_1_60' title='bbox 1073 817 1134 884; x_wconf 81' lang='grc' dir='ltr'><strong><em>τόν</em></strong></span> <span class='ocrx_word' id='word_1_61' title='bbox 1159 819 1264 886; x_wconf 90' lang='grc' dir='ltr'><strong><em>αἰῶνα</em></strong></span> <span class='ocrx_word' id='word_1_62' title='bbox 1284 825 1337 886; x_wconf 77' lang='grc' dir='ltr'><strong><em>τοῦ</em></strong></span> 
     </span>
     <span class='ocr_line' id='line_1_8' title="bbox 234 902 1338 1018; baseline -0.001 -45"><span class='ocrx_word' id='word_1_63' title='bbox 234 933 289 973; x_wconf 90' lang='grc' dir='ltr'><strong><em>τον</em></strong></span> <span class='ocrx_word' id='word_1_64' title='bbox 277 903 385 1016; x_wconf 75' lang='lat'>5666</span> <span class='ocrx_word' id='word_1_65' title='bbox 406 905 561 991; x_wconf 77' lang='grc' dir='ltr'><strong><em>ἐφικτῶν,</em></strong></span> <span class='ocrx_word' id='word_1_66' title='bbox 585 911 645 971; x_wconf 89' lang='grc' dir='ltr'><strong><em>τῶν</em></strong></span> <span class='ocrx_word' id='word_1_67' title='bbox 667 931 697 970; x_wconf 91' lang='grc' dir='ltr'><strong><em>τε</em></strong></span> <span class='ocrx_word' id='word_1_68' title='bbox 720 902 799 971; x_wconf 79' lang='grc' dir='ltr'><strong><em>κατὰ</em></strong></span> <span class='ocrx_word' id='word_1_69' title='bbox 821 904 877 970; x_wconf 84' lang='lat'><strong><em>666</em></strong></span> <span class='ocrx_word' id='word_1_70' title='bbox 897 910 1054 1018; x_wconf 86' lang='grc' dir='ltr'><strong><em>μέλλοντα</em></strong></span> <span class='ocrx_word' id='word_1_71' title='bbox 1075 909 1338 1014; x_wconf 86' lang='grc' dir='ltr'><strong><em>δειχθησομέναν,</em></strong></span> 
     </span>
     <span class='ocr_line' id='line_1_9' title="bbox 234 986 1338 1103; baseline -0.004 -43"><span class='ocrx_word' id='word_1_72' title='bbox 234 999 287 1060; x_wconf 84' lang='grc' dir='ltr'><strong><em>καί</em></strong></span> <span class='ocrx_word' id='word_1_73' title='bbox 307 995 530 1100; x_wconf 81' lang='grc' dir='ltr'><strong><em>ονομασθήναι</em></strong></span> <span class='ocrx_word' id='word_1_74' title='bbox 554 998 606 1058; x_wconf 86' lang='grc' dir='ltr'><strong><em>καλ</em></strong></span> <span class='ocrx_word' id='word_1_75' title='bbox 628 995 811 1103; x_wconf 79' lang='grc' dir='ltr'><strong><em>γνωσθῆναι</em></strong></span> <span class='ocrx_word' id='word_1_76' title='bbox 836 990 934 1101; x_wconf 86' lang='grc' dir='ltr'><strong><em>τυχδν</em></strong></span> <span class='ocrx_word' id='word_1_77' title='bbox 951 988 1026 1100; x_wconf 84' lang='grc' dir='ltr'><strong><em>ήμῖν</em></strong></span> <span class='ocrx_word' id='word_1_78' title='bbox 1045 996 1256 1077; x_wconf 80' lang='grc' dir='ltr'><strong><em>δυναμένων.</em></strong></span> <span class='ocrx_word' id='word_1_79' title='bbox 1286 986 1338 1059; x_wconf 67' lang='lat' dir='ltr'><strong><em>&#39;Asi</em></strong></span> 
     </span>
     <span class='ocr_line' id='line_1_10' title="bbox 232 1074 1338 1189; baseline 0 -45"><span class='ocrx_word' id='word_1_80' title='bbox 232 1078 293 1189; x_wconf 80' lang='grc' dir='ltr'><strong><em>γάρ</em></strong></span> <span class='ocrx_word' id='word_1_81' title='bbox 316 1074 334 1142; x_wconf 94' lang='lat'><strong><em>6</em></strong></span> <span class='ocrx_word' id='word_1_82' title='bbox 357 1076 550 1158; x_wconf 79' lang='grc' dir='ltr'><strong><em>διεληλυθώς</em></strong></span> <span class='ocrx_word' id='word_1_83' title='bbox 571 1078 644 1154; x_wconf 82' lang='grc' dir='ltr'><strong><em>τοῦς</em></strong></span> <span class='ocrx_word' id='word_1_84' title='bbox 666 1075 821 1186; x_wconf 79' lang='grc' dir='ltr'><strong><em>οιίρανοῦς</em></strong></span> <span class='ocrx_word' id='word_1_85' title='bbox 838 1074 1026 1159; x_wconf 79' lang='grc' dir='ltr'><strong><em>Ἰησοῦς,</em></strong></span> <span class='ocrx_word' id='word_1_86' title='bbox 1009 1104 1027 1142; x_wconf 93' lang='grc' dir='ltr'><strong><em>ο</em></strong></span> <span class='ocrx_word' id='word_1_87' title='bbox 1051 1083 1112 1144; x_wconf 88' lang='grc' dir='ltr'><strong><em>τοῦ</em></strong></span> <span class='ocrx_word' id='word_1_88' title='bbox 1136 1084 1226 1145; x_wconf 97' lang='grc' dir='ltr'><strong><em>θεοῦ</em></strong></span> <span class='ocrx_word' id='word_1_89' title='bbox 1227 1077 1338 1188; x_wconf 87' lang='grc' dir='ltr'><strong><em>λόγος,</em></strong></span> 
     </span>
     <span class='ocr_line' id='line_1_11' title="bbox 233 1160 1339 1273; baseline -0.004 -41"><span class='ocrx_word' id='word_1_90' title='bbox 233 1171 286 1233; x_wconf 84' lang='grc' dir='ltr'><strong><em>καλ</em></strong></span> <span class='ocrx_word' id='word_1_91' title='bbox 314 1160 485 1273; x_wconf 78' lang='grc' dir='ltr'><strong><em>ῦπεράνμ</em></strong></span> <span class='ocrx_word' id='word_1_92' title='bbox 486 1163 612 1230; x_wconf 87' lang='grc' dir='ltr'><strong><em>πάντων</em></strong></span> <span class='ocrx_word' id='word_1_93' title='bbox 640 1168 702 1230; x_wconf 92' lang='grc' dir='ltr'><strong><em>τῶν</em></strong></span> <span class='ocrx_word' id='word_1_94' title='bbox 725 1160 868 1247; x_wconf 80' lang='grc' dir='ltr'><strong><em>οῦρανῶν</em></strong></span> <span class='ocrx_word' id='word_1_95' title='bbox 890 1164 1076 1248; x_wconf 88' lang='grc' dir='ltr'><strong><em>γενόμενος,</em></strong></span> <span class='ocrx_word' id='word_1_96' title='bbox 1112 1165 1196 1246; x_wconf 81' lang='grc' dir='ltr'><strong><em>τοῦς</em></strong></span> <span class='ocrx_word' id='word_1_97' title='bbox 1218 1160 1339 1230; x_wconf 83' lang='grc' dir='ltr'><strong><em>οἰκολοι-</em></strong></span> 
     </span>
     <span class='ocr_line' id='line_1_12' title="bbox 233 1247 1339 1361; baseline -0.001 -44"><span class='ocrx_word' id='word_1_98' title='bbox 233 1255 373 1326; x_wconf 85' lang='grc' dir='ltr'><strong><em>θοῦντας</em></strong></span> <span class='ocrx_word' id='word_1_99' title='bbox 401 1247 486 1314; x_wconf 76' lang='grc' dir='ltr'><strong><em>αἰτῶ</em></strong></span> <span class='ocrx_word' id='word_1_100' title='bbox 515 1247 566 1315; x_wconf 85' lang='grc' dir='ltr'><strong><em>διά</em></strong></span> <span class='ocrx_word' id='word_1_101' title='bbox 596 1249 740 1359; x_wconf 85' lang='grc' dir='ltr'><strong><em>πράξεως</em></strong></span> <span class='ocrx_word' id='word_1_102' title='bbox 767 1255 820 1314; x_wconf 81' lang='grc' dir='ltr'><strong><em>καὶ</em></strong></span> <span class='ocrx_word' id='word_1_103' title='bbox 849 1255 990 1334; x_wconf 89' lang='grc' dir='ltr'><strong><em>θεωρίας</em></strong></span> <span class='ocrx_word' id='word_1_104' title='bbox 1010 1252 1226 1361; x_wconf 81' lang='grc' dir='ltr'><strong><em>μεταβιβάζει</em></strong></span> <span class='ocrx_word' id='word_1_105' title='bbox 1249 1277 1281 1318; x_wconf 88' lang='grc' dir='ltr'><strong><em>τε</em></strong></span> <span class='ocrx_word' id='word_1_106' title='bbox 1301 1255 1339 1316; x_wconf 78' lang='grc' dir='ltr'><strong><em>καὶ</em></strong></span> 
     </span>
     <span class='ocr_line' id='line_1_13' title="bbox 232 1330 1339 1447; baseline -0.005 -42"><span class='ocrx_word' id='word_1_107' title='bbox 232 1342 443 1440; x_wconf 91' lang='grc' dir='ltr'><strong><em>μετατίθησιν</em></strong></span> <span class='ocrx_word' id='word_1_108' title='bbox 479 1334 542 1402; x_wconf 86' lang='grc' dir='ltr'><strong><em>οἰπδ</em></strong></span> <span class='ocrx_word' id='word_1_109' title='bbox 578 1341 638 1402; x_wconf 91' lang='grc' dir='ltr'><strong><em>τῶν</em></strong></span> <span class='ocrx_word' id='word_1_110' title='bbox 666 1334 804 1440; x_wconf 79' lang='grc' dir='ltr'><strong><em>ἧττόγων</em></strong></span> <span class='ocrx_word' id='word_1_111' title='bbox 833 1336 886 1401; x_wconf 84' lang='lat'>6666</span> <span class='ocrx_word' id='word_1_112' title='bbox 915 1335 953 1401; x_wconf 85' lang='grc' dir='ltr'><strong><em>τὰ</em></strong></span> <span class='ocrx_word' id='word_1_113' title='bbox 982 1344 1171 1447; x_wconf 79' lang='grc' dir='ltr'><strong><em>κρείττογα,</em></strong></span> <span class='ocrx_word' id='word_1_114' title='bbox 1209 1344 1267 1403; x_wconf 80' lang='grc' dir='ltr'><strong><em>καλ</em></strong></span> <span class='ocrx_word' id='word_1_115' title='bbox 1290 1330 1339 1401; x_wconf 83' lang='grc' dir='ltr'><strong><em>υἰπί</em></strong></span> 
     </span>
     <span class='ocr_line' id='line_1_14' title="bbox 233 1419 1338 1532; baseline -0.004 -42"><span class='ocrx_word' id='word_1_116' title='bbox 233 1425 354 1490; x_wconf 89' lang='grc' dir='ltr'><strong><em>τοότων</em></strong></span> <span class='ocrx_word' id='word_1_117' title='bbox 374 1421 507 1487; x_wconf 90' lang='grc' dir='ltr'><strong><em>πάλιν</em></strong></span> <span class='ocrx_word' id='word_1_118' title='bbox 494 1430 546 1487; x_wconf 80' lang='grc' dir='ltr'><strong><em>επὶ</em></strong></span> <span class='ocrx_word' id='word_1_119' title='bbox 569 1421 605 1486; x_wconf 82' lang='grc' dir='ltr'><strong><em>τά</em></strong></span> <span class='ocrx_word' id='word_1_120' title='bbox 628 1423 674 1488; x_wconf 76' lang='grc' dir='ltr'><strong><em>ἔτι</em></strong></span> <span class='ocrx_word' id='word_1_121' title='bbox 696 1420 814 1488; x_wconf 72' lang='grc' dir='ltr'><strong><em>τούτων</em></strong></span> <span class='ocrx_word' id='word_1_122' title='bbox 837 1419 995 1530; x_wconf 83' lang='grc' dir='ltr'><strong><em>εἰνῶτερα,</em></strong></span> <span class='ocrx_word' id='word_1_123' title='bbox 1024 1429 1079 1487; x_wconf 80' lang='grc' dir='ltr'><strong><em>καὶ</em></strong></span> <span class='ocrx_word' id='word_1_124' title='bbox 1102 1421 1222 1500; x_wconf 80' lang='grc' dir='ltr'><strong><em>ἁπλῶς</em></strong></span> <span class='ocrx_word' id='word_1_125' title='bbox 1245 1425 1338 1532; x_wconf 79' lang='grc' dir='ltr'><strong><em>εἰπείγ,</em></strong></span> 
     </span>
     <span class='ocr_line' id='line_1_15' title="bbox 234 1505 1338 1621; baseline -0.004 -45"><span class='ocrx_word' id='word_1_126' title='bbox 234 1511 392 1612; x_wconf 77' lang='grc' dir='ltr'><strong><em>ἐπιλείψει</em></strong></span> <span class='ocrx_word' id='word_1_127' title='bbox 420 1533 460 1617; x_wconf 83' lang='grc' dir='ltr'><strong><em>με</em></strong></span> <span class='ocrx_word' id='word_1_128' title='bbox 490 1505 507 1573; x_wconf 90' lang='lat'><strong><em>6</em></strong></span> <span class='ocrx_word' id='word_1_129' title='bbox 530 1508 647 1612; x_wconf 80' lang='grc' dir='ltr'><strong><em>χρόνος</em></strong></span> <span class='ocrx_word' id='word_1_130' title='bbox 669 1513 800 1592; x_wconf 89' lang='grc' dir='ltr'><strong><em>λέγοντα</em></strong></span> <span class='ocrx_word' id='word_1_131' title='bbox 823 1507 878 1584; x_wconf 80' lang='grc' dir='ltr'><strong><em>τός</em></strong></span> <span class='ocrx_word' id='word_1_132' title='bbox 901 1514 994 1585; x_wconf 91' lang='grc' dir='ltr'><strong><em>θείας</em></strong></span> <span class='ocrx_word' id='word_1_133' title='bbox 1019 1512 1080 1572; x_wconf 90' lang='grc' dir='ltr'><strong><em>τῶν</em></strong></span> <span class='ocrx_word' id='word_1_134' title='bbox 1103 1506 1220 1621; x_wconf 83' lang='grc' dir='ltr'><strong><em>ἆγίων</em></strong></span> <span class='ocrx_word' id='word_1_135' title='bbox 1236 1505 1338 1590; x_wconf 85' lang='grc' dir='ltr'><strong><em>άναβό·</em></strong></span> 
     </span>
     <span class='ocr_line' id='line_1_16' title="bbox 234 1591 1361 1705; baseline -0.004 -43"><span class='ocrx_word' id='word_1_136' title='bbox 234 1621 301 1672; x_wconf 92' lang='grc' dir='ltr'><strong><em>σεις</em></strong></span> <span class='ocrx_word' id='word_1_137' title='bbox 328 1620 360 1659; x_wconf 89' lang='grc' dir='ltr'><strong><em>τε</em></strong></span> <span class='ocrx_word' id='word_1_138' title='bbox 388 1599 441 1659; x_wconf 85' lang='grc' dir='ltr'><strong><em>καλ</em></strong></span> <span class='ocrx_word' id='word_1_139' title='bbox 471 1593 696 1705; x_wconf 77' lang='grc' dir='ltr'><strong><em>ἀποκαλύψεις</em></strong></span> <span class='ocrx_word' id='word_1_140' title='bbox 715 1593 792 1660; x_wconf 77' lang='grc' dir='ltr'><strong><em>κατὰ</em></strong></span> <span class='ocrx_word' id='word_1_141' title='bbox 824 1593 877 1674; x_wconf 82' lang='lat'><strong><em>656</em></strong></span> <span class='ocrx_word' id='word_1_142' title='bbox 898 1591 963 1660; x_wconf 83' lang='lat'>6766</span> <span class='ocrx_word' id='word_1_143' title='bbox 988 1593 1137 1697; x_wconf 77' lang='grc' dir='ltr'><strong><em>δόξης</em></strong></span> <span class='ocrx_word' id='word_1_144' title='bbox 1104 1621 1157 1672; x_wconf 87' lang='grc' dir='ltr'><strong><em>εις</em></strong></span> <span class='ocrx_word' id='word_1_145' title='bbox 1179 1594 1281 1677; x_wconf 82' lang='grc' dir='ltr'><strong><em>δοξαν</em></strong></span> <span class='ocrx_word' id='word_1_146' title='bbox 1296 1591 1337 1660; x_wconf 87' lang='grc' dir='ltr'><strong><em>αλ</em></strong></span> <span class='ocrx_word' id='word_1_147' title='bbox 1358 1650 1361 1657; x_wconf 90' lang='grc'><em>.</em></span> 
     </span>
     <span class='ocr_line' id='line_1_17' title="bbox 234 1679 1338 1790; baseline -0.004 -42"><span class='ocrx_word' id='word_1_148' title='bbox 234 1689 382 1759; x_wconf 89' lang='grc' dir='ltr'><strong><em>λοίωσιν,</em></strong></span> <span class='ocrx_word' id='word_1_149' title='bbox 417 1679 475 1754; x_wconf 74' lang='grc' dir='ltr'><strong><em>ἕως</em></strong></span> <span class='ocrx_word' id='word_1_150' title='bbox 502 1679 634 1756; x_wconf 77' lang='grc' dir='ltr'><strong><em>ἕκαστος</em></strong></span> <span class='ocrx_word' id='word_1_151' title='bbox 663 1679 717 1790; x_wconf 82' lang='lat'><strong><em>656</em></strong></span> <span class='ocrx_word' id='word_1_152' title='bbox 740 1680 772 1745; x_wconf 87' lang='lat'><strong><em>66</em></strong></span> <span class='ocrx_word' id='word_1_153' title='bbox 795 1684 838 1768; x_wconf 81' lang='grc' dir='ltr'><strong><em>τῷ</em></strong></span> <span class='ocrx_word' id='word_1_154' title='bbox 848 1680 933 1787; x_wconf 87' lang='grc' dir='ltr'><strong><em>ἰδίῳ</em></strong></span> <span class='ocrx_word' id='word_1_155' title='bbox 959 1680 1111 1764; x_wconf 77' lang='grc' dir='ltr'><strong><em>τάγματι,</em></strong></span> <span class='ocrx_word' id='word_1_156' title='bbox 1148 1679 1338 1789; x_wconf 77' lang='grc' dir='ltr'><strong><em>ἁρμόζονται</em></strong></span> 
     </span>
     <span class='ocr_line' id='line_1_18' title="bbox 234 1745 1339 1877; baseline -0.003 -44"><span class='ocrx_word' id='word_1_157' title='bbox 234 1771 358 1844; x_wconf 88' lang='grc' dir='ltr'><strong><em>δέξαιτο</em></strong></span> <span class='ocrx_word' id='word_1_158' title='bbox 381 1769 512 1869; x_wconf 85' lang='grc' dir='ltr'><strong><em>θέωσιν.</em></strong></span> <span class='ocrx_word' id='word_1_159' title='bbox 558 1765 639 1832; x_wconf 88' lang='grc' dir='ltr'><strong><em>Τδν</em></strong></span> <span class='ocrx_word' id='word_1_160' title='bbox 648 1774 754 1832; x_wconf 84' lang='grc' dir='ltr'><strong><em>τοίνυν</em></strong></span> <span class='ocrx_word' id='word_1_161' title='bbox 772 1745 997 1877; x_wconf 70' lang='grc' dir='ltr'><strong><em>πρδῤῥρθέντα</em></strong></span> <span class='ocrx_word' id='word_1_162' title='bbox 1015 1773 1090 1852; x_wconf 80' lang='grc' dir='ltr'><strong><em>περὶ</em></strong></span> <span class='ocrx_word' id='word_1_163' title='bbox 1109 1773 1201 1834; x_wconf 91' lang='grc' dir='ltr'><strong><em>θεοῦ</em></strong></span> <span class='ocrx_word' id='word_1_164' title='bbox 1220 1765 1339 1853; x_wconf 82' lang='grc' dir='ltr'><strong><em>φυσικόν</em></strong></span> 
     </span>
     <span class='ocr_line' id='line_1_19' title="bbox 234 1845 1338 1962; baseline -0.001 -43"><span class='ocrx_word' id='word_1_165' title='bbox 234 1853 383 1919; x_wconf 91' lang='grc' dir='ltr'><strong><em>πόθον</em></strong></span> <span class='ocrx_word' id='word_1_166' title='bbox 372 1851 502 1956; x_wconf 78' lang='grc' dir='ltr'><strong><em>ε’χοντας</em></strong></span> <span class='ocrx_word' id='word_1_167' title='bbox 532 1845 612 1936; x_wconf 83' lang='grc' dir='ltr'><strong><em>ήμᾶς</em></strong></span> <span class='ocrx_word' id='word_1_168' title='bbox 639 1851 730 1929; x_wconf 88' lang='grc' dir='ltr'><strong><em>εἰδῶς</em></strong></span> <span class='ocrx_word' id='word_1_169' title='bbox 760 1845 854 1927; x_wconf 72' lang='grc' dir='ltr'><strong><em>οὗτος</em></strong></span> <span class='ocrx_word' id='word_1_170' title='bbox 883 1847 901 1917; x_wconf 90' lang='lat'><strong><em>6</em></strong></span> <span class='ocrx_word' id='word_1_171' title='bbox 928 1856 1026 1962; x_wconf 88' lang='grc' dir='ltr'><strong><em>μέγας</em></strong></span> <span class='ocrx_word' id='word_1_172' title='bbox 1048 1854 1255 1931; x_wconf 89' lang='grc' dir='ltr'><strong><em>διδάσκαλος</em></strong></span> <span class='ocrx_word' id='word_1_173' title='bbox 1274 1879 1338 1962; x_wconf 75' lang='grc' dir='ltr'><strong><em>πρρ·</em></strong></span> 
     </span>
     <span class='ocr_line' id='line_1_20' title="bbox 235 1932 1340 2051; baseline -0.001 -45"><span class='ocrx_word' id='word_1_174' title='bbox 235 1943 341 2051; x_wconf 88' lang='grc' dir='ltr'><strong><em>τρέπει</em></strong></span> <span class='ocrx_word' id='word_1_175' title='bbox 372 1963 404 2004; x_wconf 92' lang='grc' dir='ltr'><strong><em>τε</em></strong></span> <span class='ocrx_word' id='word_1_176' title='bbox 431 1937 551 2016; x_wconf 92' lang='grc' dir='ltr'><strong><em>πάντας</em></strong></span> <span class='ocrx_word' id='word_1_177' title='bbox 576 1944 629 2004; x_wconf 84' lang='grc' dir='ltr'><strong><em>καί</em></strong></span> <span class='ocrx_word' id='word_1_178' title='bbox 653 1932 745 2004; x_wconf 77' lang='grc' dir='ltr'><strong><em>’καλεῖ</em></strong></span> <span class='ocrx_word' id='word_1_179' title='bbox 764 1936 817 2002; x_wconf 87' lang='lat'><strong><em>666</em></strong></span> <span class='ocrx_word' id='word_1_180' title='bbox 841 1941 894 2017; x_wconf 79' lang='grc' dir='ltr'><strong><em>τῆς</em></strong></span> <span class='ocrx_word' id='word_1_181' title='bbox 915 1935 1011 2003; x_wconf 82' lang='grc' dir='ltr'><strong><em>αἰτου</em></strong></span> <span class='ocrx_word' id='word_1_182' title='bbox 997 1943 1258 2018; x_wconf 83' lang='grc' dir='ltr'><strong><em>διδασκαλίας</em></strong></span> <span class='ocrx_word' id='word_1_183' title='bbox 1276 1938 1340 2025; x_wconf 83' lang='grc' dir='ltr'><strong><em>πρδς</em></strong></span> 
     </span>
     <span class='ocr_line' id='line_1_21' title="bbox 235 2020 1340 2138; baseline -0.002 -45"><span class='ocrx_word' id='word_1_184' title='bbox 235 2028 289 2106; x_wconf 81' lang='grc' dir='ltr'><strong><em>τήν</em></strong></span> <span class='ocrx_word' id='word_1_185' title='bbox 309 2022 519 2134; x_wconf 83' lang='grc' dir='ltr'><strong><em>πνευματικήν</em></strong></span> <span class='ocrx_word' id='word_1_186' title='bbox 538 2030 659 2112; x_wconf 88' lang='grc' dir='ltr'><strong><em>βρῶσιν</em></strong></span> <span class='ocrx_word' id='word_1_187' title='bbox 677 2029 735 2089; x_wconf 88' lang='grc' dir='ltr'><strong><em>τοῦ</em></strong></span> <span class='ocrx_word' id='word_1_188' title='bbox 745 2020 830 2133; x_wconf 79' lang='grc' dir='ltr'><strong><em>ῦπέρ</em></strong></span> <span class='ocrx_word' id='word_1_189' title='bbox 850 2020 942 2132; x_wconf 79' lang='grc' dir='ltr'><strong><em>ήμῶν</em></strong></span> <span class='ocrx_word' id='word_1_190' title='bbox 954 2025 1266 2109; x_wconf 78' lang='grc' dir='ltr'><strong><em>σφαγιασθέντος’</em></strong></span> <span class='ocrx_word' id='word_1_191' title='bbox 1245 2032 1340 2138; x_wconf 82' lang='grc' dir='ltr'><strong><em>αμνοί,</em></strong></span> 
     </span>
     <span class='ocr_line' id='line_1_22' title="bbox 235 2107 1339 2222; baseline 0.003 -46"><span class='ocrx_word' id='word_1_192' title='bbox 235 2111 372 2222; x_wconf 78' lang='grc' dir='ltr'><strong><em>φυλάξαι</em></strong></span> <span class='ocrx_word' id='word_1_193' title='bbox 401 2137 433 2176; x_wconf 90' lang='grc' dir='ltr'><strong><em>τε</em></strong></span> <span class='ocrx_word' id='word_1_194' title='bbox 461 2108 610 2194; x_wconf 76' lang='grc' dir='ltr'><strong><em>ου’κρινῶς</em></strong></span> <span class='ocrx_word' id='word_1_195' title='bbox 638 2117 691 2176; x_wconf 83' lang='grc' dir='ltr'><strong><em>καὶ</em></strong></span> <span class='ocrx_word' id='word_1_196' title='bbox 722 2107 900 2219; x_wconf 77' lang='grc' dir='ltr'><strong><em>ειίχρήρτως</em></strong></span> <span class='ocrx_word' id='word_1_197' title='bbox 928 2107 1121 2178; x_wconf 70' lang='grc' dir='ltr'><strong><em>ὑποτίθεται</em></strong></span> <span class='ocrx_word' id='word_1_198' title='bbox 1156 2118 1223 2178; x_wconf 90' lang='grc' dir='ltr'><strong><em>τῶν</em></strong></span> <span class='ocrx_word' id='word_1_199' title='bbox 1250 2110 1339 2191; x_wconf 80' lang='lat'>6666,</span> 
     </span>
     <span class='ocr_line' id='line_1_23' title="bbox 235 2193 1338 2309; baseline 0.001 -45"><span class='ocrx_word' id='word_1_200' title='bbox 235 2202 292 2265; x_wconf 90' lang='grc' dir='ltr'><strong><em>τοῦ</em></strong></span> <span class='ocrx_word' id='word_1_201' title='bbox 324 2195 426 2282; x_wconf 84' lang='grc' dir='ltr'><strong><em>τίμνοῦ</em></strong></span> <span class='ocrx_word' id='word_1_202' title='bbox 458 2197 619 2309; x_wconf 70' lang='grc' dir='ltr'><strong><em>δηλονότι,</em></strong></span> <span class='ocrx_word' id='word_1_203' title='bbox 658 2201 762 2279; x_wconf 88' lang='grc' dir='ltr'><strong><em>μελῶν</em></strong></span> <span class='ocrx_word' id='word_1_204' title='bbox 794 2196 848 2276; x_wconf 78' lang='grc' dir='ltr'><strong><em>τήν</em></strong></span> <span class='ocrx_word' id='word_1_205' title='bbox 880 2193 1038 2305; x_wconf 76' lang='grc' dir='ltr'><strong><em>ἁρμονίαν</em></strong></span> <span class='ocrx_word' id='word_1_206' title='bbox 1071 2196 1272 2286; x_wconf 76' lang='grc' dir='ltr'><strong><em>ἄθραυστον</em></strong></span> <span class='ocrx_word' id='word_1_207' title='bbox 1301 2203 1338 2265; x_wconf 76' lang='grc' dir='ltr'><strong><em>κτλ</em></strong></span> 
     </span>
     <span class='ocr_line' id='line_1_24' title="bbox 235 2282 1337 2394; baseline -0.001 -43"><span class='ocrx_word' id='word_1_208' title='bbox 235 2284 457 2393; x_wconf 76' lang='grc' dir='ltr'><strong><em>οἰσῦμψυρτον,</em></strong></span> <span class='ocrx_word' id='word_1_209' title='bbox 484 2285 539 2349; x_wconf 83' lang='grc' dir='ltr'><strong><em>ἰνα</em></strong></span> <span class='ocrx_word' id='word_1_210' title='bbox 562 2282 615 2392; x_wconf 71' lang='grc' dir='ltr'><strong><em>μή</em></strong></span> <span class='ocrx_word' id='word_1_211' title='bbox 632 2287 875 2394; x_wconf 72' lang='grc' dir='ltr'><strong><em>κατακριθῶμεν</em></strong></span> <span class='ocrx_word' id='word_1_212' title='bbox 905 2309 947 2359; x_wconf 90' lang='grc' dir='ltr'><strong><em>ως</em></strong></span> <span class='ocrx_word' id='word_1_213' title='bbox 975 2287 1178 2362; x_wconf 87' lang='grc' dir='ltr'><strong><em>διασπῶντες</em></strong></span> <span class='ocrx_word' id='word_1_214' title='bbox 1206 2292 1262 2353; x_wconf 83' lang='grc' dir='ltr'><strong><em>καλ</em></strong></span> <span class='ocrx_word' id='word_1_215' title='bbox 1283 2289 1337 2351; x_wconf 89' lang='grc' dir='ltr'><strong><em>δια·</em></strong></span> 
     </span>
     <span class='ocr_line' id='line_1_25' title="bbox 236 2366 1337 2478; baseline 0.002 -40"><span class='ocrx_word' id='word_1_216' title='bbox 236 2369 469 2478; x_wconf 80' lang='grc' dir='ltr'><strong><em>σπαράττοντες</em></strong></span> <span class='ocrx_word' id='word_1_217' title='bbox 497 2369 551 2449; x_wconf 81' lang='grc' dir='ltr'><strong><em>τήν</em></strong></span> <span class='ocrx_word' id='word_1_218' title='bbox 580 2366 758 2435; x_wconf 85' lang='grc' dir='ltr'><strong><em>εἰίθετον</em></strong></span> <span class='ocrx_word' id='word_1_219' title='bbox 740 2377 899 2454; x_wconf 88' lang='grc' dir='ltr'><strong><em>αρμοιίαι</em></strong></span> <span class='ocrx_word' id='word_1_220' title='bbox 928 2374 985 2434; x_wconf 86' lang='grc' dir='ltr'><strong><em>τοῦ</em></strong></span> <span class='ocrx_word' id='word_1_221' title='bbox 1011 2376 1108 2436; x_wconf 89' lang='grc' dir='ltr'><strong><em>θείου</em></strong></span> <span class='ocrx_word' id='word_1_222' title='bbox 1134 2368 1337 2456; x_wconf 76' lang='grc' dir='ltr'><strong><em>σῶματος,ἧ</em></strong></span> 
     </span>
     <span class='ocr_line' id='line_1_26' title="bbox 236 2452 1337 2568; baseline -0.003 -44"><span class='ocrx_word' id='word_1_223' title='bbox 236 2460 400 2568; x_wconf 89' lang='grc' dir='ltr'><strong><em>θρασέως,</em></strong></span> <span class='ocrx_word' id='word_1_224' title='bbox 432 2454 473 2533; x_wconf 85' lang='grc' dir='ltr'><strong><em>ῶς</em></strong></span> <span class='ocrx_word' id='word_1_225' title='bbox 496 2453 581 2566; x_wconf 82' lang='grc' dir='ltr'><strong><em>ῦπέρ</em></strong></span> <span class='ocrx_word' id='word_1_226' title='bbox 611 2454 760 2564; x_wconf 75' lang='grc' dir='ltr'><strong><em>δύναμιν,</em></strong></span> <span class='ocrx_word' id='word_1_227' title='bbox 793 2452 812 2534; x_wconf 88' lang='lat'><strong><em>5</em></strong></span> <span class='ocrx_word' id='word_1_228' title='bbox 840 2452 1040 2539; x_wconf 84' lang='grc' dir='ltr'><strong><em>οἰνιέρως,</em></strong></span> <span class='ocrx_word' id='word_1_229' title='bbox 1017 2482 1060 2533; x_wconf 90' lang='grc' dir='ltr'><strong><em>ως</em></strong></span> <span class='ocrx_word' id='word_1_230' title='bbox 1088 2457 1191 2568; x_wconf 82' lang='grc' dir='ltr'><strong><em>παρὰ</em></strong></span> <span class='ocrx_word' id='word_1_231' title='bbox 1214 2459 1337 2542; x_wconf 84' lang='grc' dir='ltr'><strong><em>δῦνομιν,</em></strong></span> 
     </span>
     <span class='ocr_line' id='line_1_27' title="bbox 237 2540 1337 2651; baseline 0.001 -40"><span class='ocrx_word' id='word_1_232' title='bbox 237 2549 294 2610; x_wconf 91' lang='grc' dir='ltr'><strong><em>τοῦ</em></strong></span> <span class='ocrx_word' id='word_1_233' title='bbox 303 2542 453 2651; x_wconf 78' lang='grc' dir='ltr'><strong><em>ἀμνοῦ</em></strong></span> <span class='ocrx_word' id='word_1_234' title='bbox 453 2548 507 2608; x_wconf 84' lang='grc' dir='ltr'><strong><em>καὶ</em></strong></span> <span class='ocrx_word' id='word_1_235' title='bbox 534 2541 632 2626; x_wconf 89' lang='grc' dir='ltr'><strong><em>λόγου</em></strong></span> <span class='ocrx_word' id='word_1_236' title='bbox 663 2541 717 2618; x_wconf 81' lang='grc' dir='ltr'><strong><em>τὰς</em></strong></span> <span class='ocrx_word' id='word_1_237' title='bbox 745 2540 866 2650; x_wconf 87' lang='grc' dir='ltr'><strong><em>σάρκας</em></strong></span> <span class='ocrx_word' id='word_1_238' title='bbox 896 2541 1077 2619; x_wconf 79' lang='grc' dir='ltr'><strong><em>ἐσθίοντες·</em></strong></span> <span class='ocrx_word' id='word_1_239' title='bbox 1120 2541 1191 2610; x_wconf 87' lang='lat'>666&#39;</span> <span class='ocrx_word' id='word_1_240' title='bbox 1223 2545 1337 2618; x_wconf 70' lang='grc' dir='ltr'><strong><em>ἕκαστος</em></strong></span> 
     </span>
     <span class='ocr_line' id='line_1_28' title="bbox 236 2627 1336 2736; baseline 0.005 -42"><span class='ocrx_word' id='word_1_241' title='bbox 236 2628 314 2696; x_wconf 87' lang='grc' dir='ltr'><strong><em>κατδ</em></strong></span> <span class='ocrx_word' id='word_1_242' title='bbox 339 2628 392 2708; x_wconf 81' lang='grc' dir='ltr'><strong><em>τήν</em></strong></span> <span class='ocrx_word' id='word_1_243' title='bbox 414 2627 511 2693; x_wconf 81' lang='grc' dir='ltr'><strong><em>αἰτοῦ</em></strong></span> <span class='ocrx_word' id='word_1_244' title='bbox 510 2628 667 2733; x_wconf 80' lang='grc' dir='ltr'><strong><em>δύναμίν</em></strong></span> <span class='ocrx_word' id='word_1_245' title='bbox 688 2654 720 2693; x_wconf 93' lang='grc' dir='ltr'><strong><em>τε</em></strong></span> <span class='ocrx_word' id='word_1_246' title='bbox 743 2634 796 2693; x_wconf 85' lang='grc' dir='ltr'><strong><em>καὶ</em></strong></span> <span class='ocrx_word' id='word_1_247' title='bbox 819 2628 924 2710; x_wconf 88' lang='grc' dir='ltr'><strong><em>τάξιν,</em></strong></span> <span class='ocrx_word' id='word_1_248' title='bbox 957 2635 1011 2693; x_wconf 82' lang='grc' dir='ltr'><strong><em>καὶ</em></strong></span> <span class='ocrx_word' id='word_1_249' title='bbox 1034 2627 1089 2709; x_wconf 84' lang='grc' dir='ltr'><strong><em>τήν</em></strong></span> <span class='ocrx_word' id='word_1_250' title='bbox 1097 2629 1336 2736; x_wconf 68' lang='grc' dir='ltr'><strong><em>ἐπιβάλλοντα</em></strong></span> 
     </span>
     <span class='ocr_line' id='line_1_29' title="bbox 237 2713 1337 2827; baseline -0.003 -46"><span class='ocrx_word' id='word_1_251' title='bbox 237 2713 322 2821; x_wconf 76' lang='grc' dir='ltr'><strong><em>αἰτῶ</em></strong></span> <span class='ocrx_word' id='word_1_252' title='bbox 349 2714 444 2822; x_wconf 81' lang='grc' dir='ltr'><strong><em>χάριν</em></strong></span> <span class='ocrx_word' id='word_1_253' title='bbox 468 2719 525 2779; x_wconf 86' lang='grc' dir='ltr'><strong><em>τοῦ</em></strong></span> <span class='ocrx_word' id='word_1_254' title='bbox 546 2715 740 2823; x_wconf 74' lang='grc' dir='ltr'><strong><em>πνεύματος,</em></strong></span> <span class='ocrx_word' id='word_1_255' title='bbox 766 2720 1030 2825; x_wconf 84' lang='grc' dir='ltr'><strong><em>μεταλαμβανέτω</em></strong></span> <span class='ocrx_word' id='word_1_256' title='bbox 1054 2719 1113 2780; x_wconf 90' lang='grc' dir='ltr'><strong><em>τοῦ</em></strong></span> <span class='ocrx_word' id='word_1_257' title='bbox 1136 2722 1237 2783; x_wconf 91' lang='grc' dir='ltr'><strong><em>θείου</em></strong></span> <span class='ocrx_word' id='word_1_258' title='bbox 1259 2716 1337 2827; x_wconf 89' lang='grc' dir='ltr'><strong><em>λόγοι</em></strong></span> 
     </span>
     <span class='ocr_line' id='line_1_30' title="bbox 238 2779 1337 2911; baseline 0.002 -42"><span class='ocrx_word' id='word_1_259' title='bbox 238 2779 317 2869; x_wconf 86' lang='grc' dir='ltr'><strong><em>κατοί</em></strong></span> <span class='ocrx_word' id='word_1_260' title='bbox 348 2800 401 2878; x_wconf 84' lang='lat'><strong><em>656</em></strong></span> <span class='ocrx_word' id='word_1_261' title='bbox 430 2799 563 2867; x_wconf 80' lang='grc' dir='ltr'><strong><em>ἑκάστου</em></strong></span> <span class='ocrx_word' id='word_1_262' title='bbox 585 2800 736 2911; x_wconf 83' lang='grc' dir='ltr'><strong><em>μέλους</em></strong></span> <span class='ocrx_word' id='word_1_263' title='bbox 722 2807 876 2866; x_wconf 89' lang='grc' dir='ltr'><strong><em>επίνοιαν</em></strong></span> <span class='ocrx_word' id='word_1_264' title='bbox 931 2795 1023 2866; x_wconf 81' lang='grc' dir='ltr'><strong><em>Οἶον</em></strong></span> <span class='ocrx_word' id='word_1_265' title='bbox 1033 2809 1178 2886; x_wconf 78' lang='grc' dir='ltr'><strong><em>κεφαλῆς</em></strong></span> <span class='ocrx_word' id='word_1_266' title='bbox 1195 2809 1259 2910; x_wconf 78' lang='grc' dir='ltr'><strong><em>μὲν</em></strong></span> <span class='ocrx_word' id='word_1_267' title='bbox 1280 2800 1337 2877; x_wconf 67' lang='lat'><strong><em>66</em></strong></span> 
     </span>
     <span class='ocr_line' id='line_1_31' title="bbox 238 2885 1336 3001; baseline 0.003 -49"><span class='ocrx_word' id='word_1_268' title='bbox 238 2885 532 2953; x_wconf 78' lang='lat'>666660666&#39;66666’</span> <span class='ocrx_word' id='word_1_269' title='bbox 513 2891 619 2974; x_wconf 89' lang='grc' dir='ltr'><strong><em>αρχῶν</em></strong></span> <span class='ocrx_word' id='word_1_270' title='bbox 654 2885 789 2972; x_wconf 75' lang='grc' dir='ltr'><strong><em>ἀφέτους</em></strong></span> <span class='ocrx_word' id='word_1_271' title='bbox 821 2889 1020 2962; x_wconf 85' lang='grc' dir='ltr'><strong><em>παντελῶς</em></strong></span> <span class='ocrx_word' id='word_1_272' title='bbox 1008 2887 1150 2992; x_wconf 83' lang='grc' dir='ltr'><strong><em>έχουσαν</em></strong></span> <span class='ocrx_word' id='word_1_273' title='bbox 1179 2887 1256 2968; x_wconf 81' lang='grc' dir='ltr'><strong><em>τοῦς</em></strong></span> <span class='ocrx_word' id='word_1_274' title='bbox 1266 2893 1336 3001; x_wconf 68' lang='grc' dir='ltr'><strong><em>περὶ</em></strong></span> 
     </span>
     <span class='ocr_line' id='line_1_32' title="bbox 239 2968 1335 3082; baseline -0.001 -43"><span class='ocrx_word' id='word_1_275' title='bbox 239 2978 413 3056; x_wconf 80' lang='grc' dir='ltr'><strong><em>θεολογίας</em></strong></span> <span class='ocrx_word' id='word_1_276' title='bbox 440 2971 560 3082; x_wconf 84' lang='grc' dir='ltr'><strong><em>λόγους</em></strong></span> <span class='ocrx_word' id='word_1_277' title='bbox 582 2980 691 3038; x_wconf 90' lang='grc' dir='ltr'><strong><em>πίστιν</em></strong></span> <span class='ocrx_word' id='word_1_278' title='bbox 718 2978 903 3082; x_wconf 78' lang='grc' dir='ltr'><strong><em>κεκτημένος</em></strong></span> <span class='ocrx_word' id='word_1_279' title='bbox 928 2974 1165 3078; x_wconf 79' lang='grc' dir='ltr'><strong><em>μεταλήψεται,</em></strong></span> <span class='ocrx_word' id='word_1_280' title='bbox 1197 2968 1281 3053; x_wconf 80' lang='grc' dir='ltr'><strong><em>ἐξ</em></strong></span> <span class='ocrx_word' id='word_1_281' title='bbox 1262 3001 1294 3056; x_wconf 89' lang='grc' dir='ltr'><strong><em>ης</em></strong></span> <span class='ocrx_word' id='word_1_282' title='bbox 1310 2972 1335 3038; x_wconf 82' lang='grc' dir='ltr'><strong><em>τί</em></strong></span> 
     </span>
     <span class='ocr_line' id='line_1_33' title="bbox 239 3055 1337 3167; baseline -0.001 -43"><span class='ocrx_word' id='word_1_283' title='bbox 239 3063 302 3124; x_wconf 82' lang='grc' dir='ltr'><strong><em>πᾶν</em></strong></span> <span class='ocrx_word' id='word_1_284' title='bbox 330 3063 422 3164; x_wconf 89' lang='grc' dir='ltr'><strong><em>σῶμα</em></strong></span> <span class='ocrx_word' id='word_1_285' title='bbox 451 3064 512 3124; x_wconf 88' lang='grc' dir='ltr'><strong><em>τῶν</em></strong></span> <span class='ocrx_word' id='word_1_286' title='bbox 540 3055 659 3140; x_wconf 82' lang='grc' dir='ltr'><strong><em>οἰρετῶν</em></strong></span> <span class='ocrx_word' id='word_1_287' title='bbox 688 3085 720 3124; x_wconf 88' lang='grc' dir='ltr'><strong><em>τε</em></strong></span> <span class='ocrx_word' id='word_1_288' title='bbox 749 3065 802 3124; x_wconf 78' lang='grc' dir='ltr'><strong><em>καὶ</em></strong></span> <span class='ocrx_word' id='word_1_289' title='bbox 826 3064 887 3124; x_wconf 92' lang='grc' dir='ltr'><strong><em>τῶν</em></strong></span> <span class='ocrx_word' id='word_1_290' title='bbox 907 3059 1052 3141; x_wconf 87' lang='grc' dir='ltr'><strong><em>γνῶσεων</em></strong></span> <span class='ocrx_word' id='word_1_291' title='bbox 1074 3061 1337 3167; x_wconf 84' lang='grc' dir='ltr'><strong><em>συμβιβαζόμενοι</em></strong></span> 
     </span>
    </p>

    <p class='ocr_par' dir='ltr' id='par_1_4' title="bbox 76 3137 1376 4439">
     <span class='ocr_line' id='line_1_34' title="bbox 76 3137 1336 3257; baseline -0.002 -46"><span class='ocrx_word' id='word_1_292' title='bbox 76 3154 124 3194; x_wconf 67' lang='lat'><strong><em>⁰⁰⁶·</em></strong></span> <span class='ocrx_word' id='word_1_293' title='bbox 140 3156 153 3193; x_wconf 82' lang='lat'><em>¹</em></span> <span class='ocrx_word' id='word_1_294' title='bbox 161 3144 327 3223; x_wconf 64' lang='grc' dir='ltr'><strong><em>2451’··ιιιί’ξει</em></strong></span> <span class='ocrx_word' id='word_1_295' title='bbox 357 3143 411 3226; x_wconf 83' lang='grc' dir='ltr'><strong><em>τήν</em></strong></span> <span class='ocrx_word' id='word_1_296' title='bbox 440 3143 649 3228; x_wconf 83' lang='grc' dir='ltr'><strong><em>πνευματικήν</em></strong></span> <span class='ocrx_word' id='word_1_297' title='bbox 678 3143 821 3224; x_wconf 77' lang='grc' dir='ltr'><strong><em>αἰίξησιν.</em></strong></span> <span class='ocrx_word' id='word_1_298' title='bbox 866 3143 963 3211; x_wconf 87' lang='grc' dir='ltr'><strong><em>Ὤτων</em></strong></span> <span class='ocrx_word' id='word_1_299' title='bbox 992 3149 1028 3210; x_wconf 81' lang='grc' dir='ltr'><strong><em>δὲ</em></strong></span> <span class='ocrx_word' id='word_1_300' title='bbox 1056 3148 1278 3257; x_wconf 79' lang='grc' dir='ltr'><strong><em>μεταλήψεται</em></strong></span> <span class='ocrx_word' id='word_1_301' title='bbox 1291 3137 1336 3252; x_wconf 80' lang='grc' dir='ltr'><strong><em>Ιί</em></strong></span> 
     </span>
     <span class='ocr_line' id='line_1_35' title="bbox 240 3231 1337 3341; baseline 0.005 -44"><span class='ocrx_word' id='word_1_302' title='bbox 240 3231 312 3308; x_wconf 80' lang='grc' dir='ltr'><strong><em>τοὺς</em></strong></span> <span class='ocrx_word' id='word_1_303' title='bbox 341 3238 453 3308; x_wconf 88' lang='grc' dir='ltr'><strong><em>θείους</em></strong></span> <span class='ocrx_word' id='word_1_304' title='bbox 479 3233 594 3315; x_wconf 86' lang='grc' dir='ltr'><strong><em>λόγους</em></strong></span> <span class='ocrx_word' id='word_1_305' title='bbox 621 3236 837 3340; x_wconf 77' lang='grc' dir='ltr'><strong><em>πνευματικῶς</em></strong></span> <span class='ocrx_word' id='word_1_306' title='bbox 863 3256 922 3316; x_wconf 88' lang='grc' dir='ltr'><strong><em>μετ</em></strong></span> <span class='ocrx_word' id='word_1_307' title='bbox 958 3231 1134 3341; x_wconf 78' lang='grc' dir='ltr'><strong><em>ἐπιστήμης</em></strong></span> <span class='ocrx_word' id='word_1_308' title='bbox 1155 3231 1337 3337; x_wconf 71' lang='grc' dir='ltr'><strong><em>ῦποδεχόμτ</em></strong></span> 
     </span>
     <span class='ocr_line' id='line_1_36' title="bbox 240 3314 1337 3428; baseline 0 -45"><span class='ocrx_word' id='word_1_309' title='bbox 240 3345 310 3399; x_wconf 90' lang='grc' dir='ltr'><strong><em>νος,</em></strong></span> <span class='ocrx_word' id='word_1_310' title='bbox 338 3325 392 3384; x_wconf 84' lang='grc' dir='ltr'><strong><em>καὶ</em></strong></span> <span class='ocrx_word' id='word_1_311' title='bbox 420 3316 570 3397; x_wconf 71' lang='grc' dir='ltr'><strong><em>εὐπειθής</em></strong></span> <span class='ocrx_word' id='word_1_312' title='bbox 600 3324 653 3383; x_wconf 86' lang='grc' dir='ltr'><strong><em>καὶ</em></strong></span> <span class='ocrx_word' id='word_1_313' title='bbox 675 3315 815 3397; x_wconf 81' lang='grc' dir='ltr'><strong><em>ῦπήκοος</em></strong></span> <span class='ocrx_word' id='word_1_314' title='bbox 836 3322 906 3404; x_wconf 77' lang='grc' dir='ltr'><strong><em>θεῷ</em></strong></span> <span class='ocrx_word' id='word_1_315' title='bbox 927 3315 968 3383; x_wconf 81' lang='lat'><strong><em>6²6</em></strong></span> <span class='ocrx_word' id='word_1_316' title='bbox 990 3314 1105 3395; x_wconf 83' lang='grc' dir='ltr'><strong><em>αῦτοδς</em></strong></span> <span class='ocrx_word' id='word_1_317' title='bbox 1127 3324 1192 3428; x_wconf 88' lang='grc' dir='ltr'><strong><em>μέχ</em></strong></span> <span class='ocrx_word' id='word_1_318' title='bbox 1217 3348 1230 3385; x_wconf 94' lang='grc' dir='ltr'><strong><em>ι</em></strong></span> <span class='ocrx_word' id='word_1_319' title='bbox 1251 3319 1337 3386; x_wconf 84' lang='grc' dir='ltr'><strong><em>θανό-</em></strong></span> 
     </span>
     <span class='ocr_line' id='line_1_37' title="bbox 239 3383 1337 3513; baseline -0.003 -43"><span class='ocrx_word' id='word_1_320' title='bbox 239 3431 295 3470; x_wconf 91' lang='grc' dir='ltr'><strong><em>του</em></strong></span> <span class='ocrx_word' id='word_1_321' title='bbox 324 3404 376 3469; x_wconf 86' lang='lat'><strong><em>666</em></strong></span> <span class='ocrx_word' id='word_1_322' title='bbox 406 3409 467 3469; x_wconf 85' lang='lat'><strong><em>666</em></strong></span> <span class='ocrx_word' id='word_1_323' title='bbox 494 3405 594 3490; x_wconf 72' lang='grc' dir='ltr'><strong><em>ἔργων</em></strong></span> <span class='ocrx_word' id='word_1_324' title='bbox 616 3403 803 3513; x_wconf 83' lang='grc' dir='ltr'><strong><em>γινόμενος·</em></strong></span> <span class='ocrx_word' id='word_1_325' title='bbox 844 3383 1024 3512; x_wconf 76' lang='grc' dir='ltr'><strong><em>ὀφθαλμῶν</em></strong></span> <span class='ocrx_word' id='word_1_326' title='bbox 1047 3402 1150 3482; x_wconf 81' lang='lat'>66‚‘</span> <span class='ocrx_word' id='word_1_327' title='bbox 1131 3433 1150 3471; x_wconf 96' lang='grc' dir='ltr'><strong><em>ο</em></strong></span> <span class='ocrx_word' id='word_1_328' title='bbox 1175 3433 1234 3486; x_wconf 88' lang='grc' dir='ltr'><strong><em>την</em></strong></span> <span class='ocrx_word' id='word_1_329' title='bbox 1254 3413 1337 3474; x_wconf 84' lang='grc' dir='ltr'><strong><em>κτίσιν</em></strong></span> 
     </span>
     <span class='ocr_line' id='line_1_38' title="bbox 239 3488 1338 3574; baseline 0 -19"><span class='ocrx_word' id='word_1_330' title='bbox 239 3496 454 3573; x_wconf 90' lang='grc' dir='ltr'><strong><em>πνευματικῶς</em></strong></span> <span class='ocrx_word' id='word_1_331' title='bbox 486 3494 661 3567; x_wconf 81' lang='grc' dir='ltr'><strong><em>κατανοῶν,</em></strong></span> <span class='ocrx_word' id='word_1_332' title='bbox 701 3498 755 3556; x_wconf 85' lang='grc' dir='ltr'><strong><em>καὶ</em></strong></span> <span class='ocrx_word' id='word_1_333' title='bbox 787 3490 907 3566; x_wconf 90' lang='grc' dir='ltr'><strong><em>πάντας</em></strong></span> <span class='ocrx_word' id='word_1_334' title='bbox 935 3488 1008 3567; x_wconf 81' lang='grc' dir='ltr'><strong><em>τοῦς</em></strong></span> <span class='ocrx_word' id='word_1_335' title='bbox 1035 3488 1102 3556; x_wconf 70' lang='grc' dir='ltr'><strong><em>κατ’</em></strong></span> <span class='ocrx_word' id='word_1_336' title='bbox 1134 3493 1293 3574; x_wconf 79' lang='grc' dir='ltr'><strong><em>αἴσθησίν</em></strong></span> <span class='ocrx_word' id='word_1_337' title='bbox 1316 3513 1338 3555; x_wconf 86' lang='grc' dir='ltr'><strong><em>τε</em></strong></span> 
     </span>
     <span class='ocr_line' id='line_1_39' title="bbox 239 3573 1376 3680; baseline 0 -36"><span class='ocrx_word' id='word_1_338' title='bbox 239 3584 292 3644; x_wconf 84' lang='grc' dir='ltr'><strong><em>καὶ</em></strong></span> <span class='ocrx_word' id='word_1_339' title='bbox 321 3582 395 3643; x_wconf 88' lang='grc' dir='ltr'><strong><em>νοῦν</em></strong></span> <span class='ocrx_word' id='word_1_340' title='bbox 424 3576 538 3661; x_wconf 89' lang='grc' dir='ltr'><strong><em>λόγους</em></strong></span> <span class='ocrx_word' id='word_1_341' title='bbox 566 3573 782 3661; x_wconf 80' lang='grc' dir='ltr'><strong><em>οἷπροσκόπως</em></strong></span> <span class='ocrx_word' id='word_1_342' title='bbox 807 3577 856 3652; x_wconf 85' lang='grc' dir='ltr'><strong><em>εἰς</em></strong></span> <span class='ocrx_word' id='word_1_343' title='bbox 882 3583 973 3680; x_wconf 92' lang='grc' dir='ltr'><strong><em>μίαν</em></strong></span> <span class='ocrx_word' id='word_1_344' title='bbox 988 3576 1082 3656; x_wconf 88' lang='grc' dir='ltr'><strong><em>δόξης</em></strong></span> <span class='ocrx_word' id='word_1_345' title='bbox 1103 3584 1191 3644; x_wconf 89' lang='grc' dir='ltr'><strong><em>θεοῦ</em></strong></span> <span class='ocrx_word' id='word_1_346' title='bbox 1215 3578 1338 3664; x_wconf 80' lang='grc' dir='ltr'><strong><em>συνάγω</em></strong></span> <span class='ocrx_word' id='word_1_347' title='bbox 1374 3631 1376 3635; x_wconf 54' lang='grc'><strong><em>«</em></strong></span> 
     </span>
     <span class='ocr_line' id='line_1_40' title="bbox 240 3654 1337 3774; baseline 0.001 -46"><span class='ocrx_word' id='word_1_348' title='bbox 240 3663 446 3747; x_wconf 79' lang='grc' dir='ltr'><strong><em>ἐκπλήρωσιν.</em></strong></span> <span class='ocrx_word' id='word_1_349' title='bbox 492 3663 638 3743; x_wconf 85' lang='grc' dir='ltr'><strong><em>Στήθους</em></strong></span> <span class='ocrx_word' id='word_1_350' title='bbox 664 3667 698 3727; x_wconf 81' lang='grc' dir='ltr'><strong><em>δὲ</em></strong></span> <span class='ocrx_word' id='word_1_351' title='bbox 718 3663 932 3748; x_wconf 86' lang='grc' dir='ltr'><strong><em>μεταλήψεται</em></strong></span> <span class='ocrx_word' id='word_1_352' title='bbox 955 3654 973 3728; x_wconf 88' lang='grc' dir='ltr'><strong><em>ό</em></strong></span> <span class='ocrx_word' id='word_1_353' title='bbox 995 3664 1051 3741; x_wconf 80' lang='grc' dir='ltr'><strong><em>τήν</em></strong></span> <span class='ocrx_word' id='word_1_354' title='bbox 1074 3669 1217 3774; x_wconf 90' lang='grc' dir='ltr'><strong><em>καρδίαν</em></strong></span> <span class='ocrx_word' id='word_1_355' title='bbox 1238 3671 1337 3732; x_wconf 85' lang='grc' dir='ltr'><strong><em>θεολο·</em></strong></span> 
     </span>
     <span class='ocr_line' id='line_1_41' title="bbox 237 3748 1337 3862; baseline -0.003 -47.995"><span class='ocrx_word' id='word_1_356' title='bbox 237 3756 336 3862; x_wconf 81' lang='grc' dir='ltr'><strong><em>γικῶν</em></strong></span> <span class='ocrx_word' id='word_1_357' title='bbox 364 3750 532 3831; x_wconf 80' lang='grc' dir='ltr'><strong><em>πληρώσας</em></strong></span> <span class='ocrx_word' id='word_1_358' title='bbox 560 3750 791 3858; x_wconf 87' lang='grc' dir='ltr'><strong><em>θεωρημάτων,</em></strong></span> <span class='ocrx_word' id='word_1_359' title='bbox 824 3749 903 3814; x_wconf 82' lang='grc' dir='ltr'><strong><em>κατὰ</em></strong></span> <span class='ocrx_word' id='word_1_360' title='bbox 933 3749 988 3814; x_wconf 83' lang='grc' dir='ltr'><strong><em>τὸν</em></strong></span> <span class='ocrx_word' id='word_1_361' title='bbox 1008 3753 1109 3833; x_wconf 89' lang='grc' dir='ltr'><strong><em>μέγαν</em></strong></span> <span class='ocrx_word' id='word_1_362' title='bbox 1133 3748 1337 3861; x_wconf 80' lang='grc' dir='ltr'><strong><em>εῦαγγελιστήι</em></strong></span> 
     </span>
     <span class='ocr_line' id='line_1_42' title="bbox 237 3833 1336 3946; baseline 0.002 -44.009"><span class='ocrx_word' id='word_1_363' title='bbox 237 3836 432 3924; x_wconf 82' lang='grc' dir='ltr'><strong><em>Ἰωάννην,</em></strong></span> <span class='ocrx_word' id='word_1_364' title='bbox 429 3843 482 3901; x_wconf 86' lang='grc' dir='ltr'><strong><em>καλ</em></strong></span> <span class='ocrx_word' id='word_1_365' title='bbox 491 3840 609 3946; x_wconf 70' lang='grc' dir='ltr'><strong><em>πηγής</em></strong></span> <span class='ocrx_word' id='word_1_366' title='bbox 636 3833 768 3901; x_wconf 86' lang='grc' dir='ltr'><strong><em>οἰεννάου</em></strong></span> <span class='ocrx_word' id='word_1_367' title='bbox 798 3840 887 3916; x_wconf 91' lang='grc' dir='ltr'><strong><em>δίκην</em></strong></span> <span class='ocrx_word' id='word_1_368' title='bbox 915 3833 971 3900; x_wconf 84' lang='grc' dir='ltr'><strong><em>τόν</em></strong></span> <span class='ocrx_word' id='word_1_369' title='bbox 999 3837 1206 3919; x_wconf 84' lang='grc' dir='ltr'><strong><em>περιεκτικόν</em></strong></span> <span class='ocrx_word' id='word_1_370' title='bbox 1228 3845 1281 3919; x_wconf 79' lang='grc' dir='ltr'><strong><em>τῆς</em></strong></span> <span class='ocrx_word' id='word_1_371' title='bbox 1298 3839 1336 3903; x_wconf 76' lang='grc' dir='ltr'><strong><em>τά</em></strong></span> 
     </span>
     <span class='ocr_line' id='line_1_43' title="bbox 240 3919 1336 4035; baseline -0.001 -48"><span class='ocrx_word' id='word_1_372' title='bbox 240 3923 358 4034; x_wconf 79' lang='grc' dir='ltr'><strong><em>παγτδς</em></strong></span> <span class='ocrx_word' id='word_1_373' title='bbox 380 3928 536 4007; x_wconf 88' lang='grc' dir='ltr'><strong><em>προνοίας</em></strong></span> <span class='ocrx_word' id='word_1_374' title='bbox 559 3919 694 4003; x_wconf 80' lang='grc' dir='ltr'><strong><em>εἰσεβῶς</em></strong></span> <span class='ocrx_word' id='word_1_375' title='bbox 716 3925 862 4032; x_wconf 81' lang='grc' dir='ltr'><strong><em>προχέων</em></strong></span> <span class='ocrx_word' id='word_1_376' title='bbox 884 3933 952 3996; x_wconf 87' lang='grc' dir='ltr'><strong><em>τοῖς</em></strong></span> <span class='ocrx_word' id='word_1_377' title='bbox 971 3921 1182 4028; x_wconf 87' lang='grc' dir='ltr'><strong><em>μανθάνουσι</em></strong></span> <span class='ocrx_word' id='word_1_378' title='bbox 1206 3925 1300 4035; x_wconf 89' lang='grc' dir='ltr'><strong><em>λόγον</em></strong></span> <span class='ocrx_word' id='word_1_379' title='bbox 1315 3945 1336 3986; x_wconf 82' lang='grc' dir='ltr'><strong><em>τε</em></strong></span> 
     </span>
     <span class='ocr_line' id='line_1_44' title="bbox 241 4001 1337 4120; baseline 0 -47"><span class='ocrx_word' id='word_1_380' title='bbox 241 4016 293 4075; x_wconf 86' lang='grc' dir='ltr'><strong><em>καὶ</em></strong></span> <span class='ocrx_word' id='word_1_381' title='bbox 323 4008 453 4118; x_wconf 79' lang='grc' dir='ltr'><strong><em>τρόπογ</em></strong></span> <span class='ocrx_word' id='word_1_382' title='bbox 510 4012 638 4118; x_wconf 87' lang='grc' dir='ltr'><strong><em>Χειρῶν</em></strong></span> <span class='ocrx_word' id='word_1_383' title='bbox 667 4005 698 4072; x_wconf 75' lang='grc' dir='ltr'><strong><em>δ’</em></strong></span> <span class='ocrx_word' id='word_1_384' title='bbox 727 4001 767 4073; x_wconf 83' lang='grc' dir='ltr'><strong><em>αιί</em></strong></span> <span class='ocrx_word' id='word_1_385' title='bbox 776 4006 1028 4120; x_wconf 72' lang='grc' dir='ltr'><strong><em>μεταλαμβάνει</em></strong></span> <span class='ocrx_word' id='word_1_386' title='bbox 1057 4008 1240 4088; x_wconf 66' lang='grc' dir='ltr'><strong><em>δεόντωςι</em></strong></span> <span class='ocrx_word' id='word_1_387' title='bbox 1221 4039 1240 4078; x_wconf 97' lang='grc' dir='ltr'><strong><em>ο</em></strong></span> <span class='ocrx_word' id='word_1_388' title='bbox 1262 4011 1337 4096; x_wconf 72' lang='grc' dir='ltr'><strong><em>μηδὲν</em></strong></span> 
     </span>
     <span class='ocr_line' id='line_1_45' title="bbox 241 4091 1376 4204; baseline 0.003 -45"><span class='ocrx_word' id='word_1_389' title='bbox 241 4100 302 4160; x_wconf 90' lang='grc' dir='ltr'><strong><em>τῶν</em></strong></span> <span class='ocrx_word' id='word_1_390' title='bbox 331 4122 388 4161; x_wconf 92' lang='grc' dir='ltr'><strong><em>κατ</em></strong></span> <span class='ocrx_word' id='word_1_391' title='bbox 426 4094 553 4174; x_wconf 82' lang='grc' dir='ltr'><strong><em>ἐντολήν</em></strong></span> <span class='ocrx_word' id='word_1_392' title='bbox 582 4092 750 4178; x_wconf 86' lang='grc' dir='ltr'><strong><em>οἰυειμένως</em></strong></span> <span class='ocrx_word' id='word_1_393' title='bbox 775 4095 875 4204; x_wconf 73' lang='grc' dir='ltr'><strong><em>ἔργων</em></strong></span> <span class='ocrx_word' id='word_1_394' title='bbox 896 4101 950 4159; x_wconf 86' lang='grc' dir='ltr'><strong><em>καὶ</em></strong></span> <span class='ocrx_word' id='word_1_395' title='bbox 972 4091 1175 4178; x_wconf 87' lang='grc' dir='ltr'><strong><em>ήμελημένως</em></strong></span> <span class='ocrx_word' id='word_1_396' title='bbox 1197 4097 1337 4172; x_wconf 77' lang='grc' dir='ltr'><strong><em>ἐπιτελῶν,</em></strong></span> <span class='ocrx_word' id='word_1_397' title='bbox 1375 4103 1376 4170; x_wconf 62' lang='grc' dir='ltr'>ζ</span> 
     </span>
     <span class='ocr_line' id='line_1_46' title="bbox 242 4177 1337 4292; baseline 0.002 -47"><span class='ocrx_word' id='word_1_398' title='bbox 242 4177 307 4246; x_wconf 85' lang='lat'>666&#39;</span> <span class='ocrx_word' id='word_1_399' title='bbox 338 4182 453 4286; x_wconf 84' lang='grc' dir='ltr'><strong><em>δ’ληγ</em></strong></span> <span class='ocrx_word' id='word_1_400' title='bbox 443 4207 523 4264; x_wconf 89' lang='grc' dir='ltr'><strong><em>εχων</em></strong></span> <span class='ocrx_word' id='word_1_401' title='bbox 551 4180 679 4264; x_wconf 79' lang='grc' dir='ltr'><strong><em>ἑτοίμην</em></strong></span> <span class='ocrx_word' id='word_1_402' title='bbox 710 4188 764 4246; x_wconf 85' lang='grc' dir='ltr'><strong><em>καὶ</em></strong></span> <span class='ocrx_word' id='word_1_403' title='bbox 796 4179 925 4247; x_wconf 84' lang='grc' dir='ltr'><strong><em>εἰίτονον</em></strong></span> <span class='ocrx_word' id='word_1_404' title='bbox 954 4179 1035 4265; x_wconf 86' lang='grc' dir='ltr'><strong><em>πρός</em></strong></span> <span class='ocrx_word' id='word_1_405' title='bbox 1063 4179 1269 4292; x_wconf 71' lang='grc' dir='ltr'><strong><em>ἐκπλήρωσιν</em></strong></span> <span class='ocrx_word' id='word_1_406' title='bbox 1293 4184 1337 4247; x_wconf 73' lang='grc' dir='ltr'><strong><em>τόν</em></strong></span> 
     </span>
     <span class='ocr_line' id='line_1_47' title="bbox 242 4265 1336 4420; baseline -0.001 -88"><span class='ocrx_word' id='word_1_407' title='bbox 242 4272 343 4332; x_wconf 89' lang='grc' dir='ltr'><strong><em>θείων</em></strong></span> <span class='ocrx_word' id='word_1_408' title='bbox 367 4267 471 4375; x_wconf 90' lang='grc' dir='ltr'><strong><em>νόμων</em></strong></span> <span class='ocrx_word' id='word_1_409' title='bbox 493 4271 546 4347; x_wconf 79' lang='grc' dir='ltr'><strong><em>τῆς</em></strong></span> <span class='ocrx_word' id='word_1_410' title='bbox 566 4271 669 4353; x_wconf 82' lang='grc' dir='ltr'><strong><em>ψυχῆς</em></strong></span> <span class='ocrx_word' id='word_1_411' title='bbox 690 4268 744 4347; x_wconf 81' lang='lat'><strong><em>656</em></strong></span> <span class='ocrx_word' id='word_1_412' title='bbox 766 4265 844 4332; x_wconf 81' lang='grc' dir='ltr'><strong><em>κατοί</em></strong></span> <span class='ocrx_word' id='word_1_413' title='bbox 867 4266 921 4376; x_wconf 81' lang='grc' dir='ltr'><strong><em>τήν</em></strong></span> <span class='ocrx_word' id='word_1_414' title='bbox 942 4270 1060 4353; x_wconf 82' lang='grc' dir='ltr'><strong><em>πρᾶξιν</em></strong></span> <span class='ocrx_word' id='word_1_415' title='bbox 1071 4267 1259 4420; x_wconf 67' lang='grc' dir='ltr'><strong><em>έμέργειον·</em></strong></span> <span class='ocrx_word' id='word_1_416' title='bbox 1284 4293 1336 4335; x_wconf 79' lang='grc' dir='ltr'><strong><em>τοι·</em></strong></span> 
     </span>
     <span class='ocr_line' id='line_1_48' title="bbox 243 4347 1336 4439; baseline 0.002 -22"><span class='ocrx_word' id='word_1_417' title='bbox 243 4359 315 4430; x_wconf 92' lang='grc' dir='ltr'><strong><em>λίας</em></strong></span> <span class='ocrx_word' id='word_1_418' title='bbox 337 4349 428 4436; x_wconf 82' lang='lat'>66‚‘</span> <span class='ocrx_word' id='word_1_419' title='bbox 410 4379 428 4418; x_wconf 90' lang='lat'><strong><em>6</em></strong></span> <span class='ocrx_word' id='word_1_420' title='bbox 452 4352 487 4419; x_wconf 81' lang='lat'><strong><em>66</em></strong></span> <span class='ocrx_word' id='word_1_421' title='bbox 510 4352 644 4437; x_wconf 89' lang='grc' dir='ltr'><strong><em>γόνιμον</em></strong></span> <span class='ocrx_word' id='word_1_422' title='bbox 667 4358 719 4434; x_wconf 83' lang='grc' dir='ltr'><strong><em>τῆς</em></strong></span> <span class='ocrx_word' id='word_1_423' title='bbox 740 4357 842 4439; x_wconf 76' lang='grc' dir='ltr'><strong><em>ψυκῆς</em></strong></span> <span class='ocrx_word' id='word_1_424' title='bbox 863 4347 1090 4436; x_wconf 74' lang='grc' dir='ltr'><strong><em>δείβλυστονέ</em></strong></span> <span class='ocrx_word' id='word_1_425' title='bbox 1087 4380 1177 4439; x_wconf 85' lang='grc' dir='ltr'><strong><em>χων,</em></strong></span> <span class='ocrx_word' id='word_1_426' title='bbox 1206 4365 1261 4425; x_wconf 83' lang='grc' dir='ltr'><strong><em>καλ</em></strong></span> <span class='ocrx_word' id='word_1_427' title='bbox 1279 4361 1336 4432; x_wconf 77' lang='grc' dir='ltr'><strong><em>πλη</em></strong></span> 
     </span>
    </p>
   </div>
   <div class='ocr_carea' id='block_1_3' title="bbox 1374 3475 1378 4056">
    <p class='ocr_par' dir='ltr' id='par_1_5' title="bbox 1374 3475 1378 4056">
     <span class='ocr_line' id='line_1_49' title="bbox 1374 3475 1378 4056; baseline 0 0"><span class='ocrx_word' id='word_1_428' title='bbox 1374 3475 1378 4056; x_wconf 95' lang='lat' dir='ltr'><strong><em> </em></strong></span> 
     </span>
    </p>
   </div>
   <div class='ocr_carea' id='block_1_4' title="bbox 0 0 1391 4778">
    <p class='ocr_par' dir='ltr' id='par_1_6' title="bbox 0 0 1391 4778">
     <span class='ocr_line' id='line_1_50' title="bbox 0 0 1391 4778; baseline 0 0"><span class='ocrx_word' id='word_1_429' title='bbox 0 0 1391 4778; x_wconf 95' lang='lat' dir='ltr'><strong><em> </em></strong></span> 
     </span>
    </p>
   </div>
  </div>
 </body>
</html>
