<?xml version="1.0" encoding="UTF-8"?>
<!DOCTYPE html PUBLIC "-//W3C//DTD XHTML 1.0 Transitional//EN"
    "http://www.w3.org/TR/xhtml1/DTD/xhtml1-transitional.dtd">
<html xmlns="http://www.w3.org/1999/xhtml" xml:lang="en" lang="en">
 <head>
  <title>
</title>
<meta http-equiv="Content-Type" content="text/html;charset=utf-8" />
  <meta name='ocr-system' content='tesseract 3.04.00' />
  <meta name='ocr-capabilities' content='ocr_page ocr_carea ocr_par ocr_line ocrx_word'/>
</head>
<body>
  <div class='ocr_page' id='page_1' title='image "./sanctipatrisnos00maxigoog_0107.png"; bbox 0 0 2752 4778; ppageno 0'>
   <div class='ocr_carea' id='block_1_1' title="bbox 229 119 283 211">
    <p class='ocr_par' dir='ltr' id='par_1_1' title="bbox 229 119 283 211">
     <span class='ocr_line' id='line_1_1' title="bbox 229 119 283 211; baseline 0 0"><span class='ocrx_word' id='word_1_1' title='bbox 229 119 283 211; x_wconf 64' lang='lat'><strong><em>22-</em></strong></span> 
     </span>
    </p>
   </div>
   <div class='ocr_carea' id='block_1_2' title="bbox 65 287 1334 489">
    <p class='ocr_par' dir='ltr' id='par_1_2' title="bbox 65 287 1332 466">
     <span class='ocr_line' id='line_1_2' title="bbox 65 287 1330 402; baseline -0.007 -34"><span class='ocrx_word' id='word_1_2' title='bbox 65 329 114 378; x_wconf 63' lang='lat' dir='ltr'><strong><em>:pu</em></strong></span> <span class='ocrx_word' id='word_1_3' title='bbox 121 323 132 366; x_wconf 86' lang='lat'>1</span> <span class='ocrx_word' id='word_1_4' title='bbox 134 322 218 378; x_wconf 69' lang='grc' dir='ltr'><strong><em>,ινιηη</em></strong></span> <span class='ocrx_word' id='word_1_5' title='bbox 227 297 406 379; x_wconf 86' lang='grc' dir='ltr'><strong><em>ἀπελάσας,</em></strong></span> <span class='ocrx_word' id='word_1_6' title='bbox 428 296 557 383; x_wconf 86' lang='grc' dir='ltr'><strong><em>ἀρκέσει</em></strong></span> <span class='ocrx_word' id='word_1_7' title='bbox 564 297 653 402; x_wconf 78' lang='grc' dir='ltr'><strong><em>περὶ</em></strong></span> <span class='ocrx_word' id='word_1_8' title='bbox 671 293 785 361; x_wconf 91' lang='grc' dir='ltr'><strong><em>τούτου</em></strong></span> <span class='ocrx_word' id='word_1_9' title='bbox 802 289 965 378; x_wconf 74' lang='grc' dir='ltr'><strong><em>Ἐφεσίοις</em></strong></span> <span class='ocrx_word' id='word_1_10' title='bbox 986 288 1113 368; x_wconf 79' lang='grc' dir='ltr'><strong><em>διεξιών</em></strong></span> <span class='ocrx_word' id='word_1_11' title='bbox 1130 289 1218 375; x_wconf 85' lang='grc' dir='ltr'><strong><em>τάδε,</em></strong></span> <span class='ocrx_word' id='word_1_12' title='bbox 1231 287 1330 359; x_wconf 65' lang='lat' dir='ltr'><strong><em>‘mi</em></strong></span> 
     </span>
     <span class='ocr_line' id='line_1_3' title="bbox 228 374 1334 489; baseline -0.011 -36"><span class='ocrx_word' id='word_1_13' title='bbox 228 386 308 467; x_wconf 73' lang='grc' dir='ltr'><strong><em>θεὸς</em></strong></span> <span class='ocrx_word' id='word_1_14' title='bbox 334 389 392 450; x_wconf 90' lang='grc' dir='ltr'><strong><em>τοῦ</em></strong></span> <span class='ocrx_word' id='word_1_15' title='bbox 419 391 529 464; x_wconf 82' lang='grc' dir='ltr'><strong><em>κυρίου</em></strong></span> <span class='ocrx_word' id='word_1_16' title='bbox 559 374 646 466; x_wconf 83' lang='grc' dir='ltr'><strong><em>ήμών</em></strong></span> <span class='ocrx_word' id='word_1_17' title='bbox 674 378 779 461; x_wconf 83' lang='grc' dir='ltr'><strong><em>Ἰησοῦ</em></strong></span> <span class='ocrx_word' id='word_1_18' title='bbox 791 374 996 489; x_wconf 79' lang='grc' dir='ltr'><strong><em>Χριστοῦ</em></strong></span> <span class='ocrx_word' id='word_1_19' title='bbox 979 403 998 442; x_wconf 93' lang='grc' dir='ltr'><strong><em>ο</em></strong></span> <span class='ocrx_word' id='word_1_20' title='bbox 1027 376 1132 488; x_wconf 80' lang='grc' dir='ltr'><strong><em>πατήρ</em></strong></span> <span class='ocrx_word' id='word_1_21' title='bbox 1161 382 1217 458; x_wconf 78' lang='grc' dir='ltr'><strong><em>τῆς</em></strong></span> <span class='ocrx_word' id='word_1_22' title='bbox 1246 377 1334 458; x_wconf 80' lang='grc' dir='ltr'><strong><em>δόξης-</em></strong></span> 
     </span>
    </p>
   </div>
   <div class='ocr_carea' id='block_1_3' title="bbox 1372 321 1376 345">
    <p class='ocr_par' dir='ltr' id='par_1_3' title="bbox 1372 321 1376 345">
     <span class='ocr_line' id='line_1_4' title="bbox 1372 321 1376 345; baseline 0 0"><span class='ocrx_word' id='word_1_23' title='bbox 1372 321 1376 345; x_wconf 77' lang='grc' dir='ltr'><strong><em>λ</em></strong></span> 
     </span>
    </p>
   </div>
   <div class='ocr_carea' id='block_1_4' title="bbox 229 461 1376 664">
    <p class='ocr_par' dir='ltr' id='par_1_4' title="bbox 229 461 1376 660">
     <span class='ocr_line' id='line_1_5' title="bbox 230 461 1376 574; baseline -0.009 -36"><span class='ocrx_word' id='word_1_24' title='bbox 230 468 338 560; x_wconf 79' lang='lat'>666‘</span> <span class='ocrx_word' id='word_1_25' title='bbox 323 482 397 555; x_wconf 87' lang='grc' dir='ltr'><strong><em>υμῖν</em></strong></span> <span class='ocrx_word' id='word_1_26' title='bbox 418 474 541 554; x_wconf 88' lang='grc' dir='ltr'><strong><em>πνεῦμα</em></strong></span> <span class='ocrx_word' id='word_1_27' title='bbox 564 474 683 574; x_wconf 78' lang='grc' dir='ltr'><strong><em>σοφίας</em></strong></span> <span class='ocrx_word' id='word_1_28' title='bbox 705 472 759 533; x_wconf 85' lang='grc' dir='ltr'><strong><em>καί</em></strong></span> <span class='ocrx_word' id='word_1_29' title='bbox 782 462 1049 573; x_wconf 73' lang='grc' dir='ltr'><strong><em>ἀποκαλύψεως</em></strong></span> <span class='ocrx_word' id='word_1_30' title='bbox 1035 487 1068 529; x_wconf 91' lang='grc' dir='ltr'><strong><em>εν</em></strong></span> <span class='ocrx_word' id='word_1_31' title='bbox 1090 463 1262 572; x_wconf 88' lang='grc' dir='ltr'><strong><em>ἐπιγνώσει</em></strong></span> <span class='ocrx_word' id='word_1_32' title='bbox 1282 461 1331 529; x_wconf 82' lang='grc' dir='ltr'><strong><em>αῦ-</em></strong></span> <span class='ocrx_word' id='word_1_33' title='bbox 1371 500 1376 515; x_wconf 89' lang='lat'><em>·</em></span> 
     </span>
     <span class='ocr_line' id='line_1_6' title="bbox 229 542 1376 664; baseline -0.018 -39"><span class='ocrx_word' id='word_1_34' title='bbox 229 563 303 632; x_wconf 93' lang='grc' dir='ltr'><strong><em>τοῦ,</em></strong></span> <span class='ocrx_word' id='word_1_35' title='bbox 332 559 591 664; x_wconf 75' lang='grc' dir='ltr'><strong><em>πεφωτισμένους</em></strong></span> <span class='ocrx_word' id='word_1_36' title='bbox 619 552 691 629; x_wconf 86' lang='grc' dir='ltr'><strong><em>τοῦς</em></strong></span> <span class='ocrx_word' id='word_1_37' title='bbox 716 549 916 662; x_wconf 82' lang='grc' dir='ltr'><strong><em>ἀφθαλμοδς</em></strong></span> <span class='ocrx_word' id='word_1_38' title='bbox 930 542 984 628; x_wconf 81' lang='grc' dir='ltr'><strong><em>τῆς</em></strong></span> <span class='ocrx_word' id='word_1_39' title='bbox 1003 546 1175 654; x_wconf 63' lang='grc' dir='ltr'><strong><em>καρδίαςε</em></strong></span> <span class='ocrx_word' id='word_1_40' title='bbox 1159 555 1263 659; x_wconf 81' lang='grc' dir='ltr'><strong><em>υμῶν,</em></strong></span> <span class='ocrx_word' id='word_1_41' title='bbox 1290 550 1332 627; x_wconf 67' lang='grc' dir='ltr'><strong><em>εἴη</em></strong></span> <span class='ocrx_word' id='word_1_42' title='bbox 1372 591 1376 604; x_wconf 95' lang='grc'>.</span> 
     </span>
    </p>
   </div>
   <div class='ocr_carea' id='block_1_5' title="bbox 67 631 1337 926">
    <p class='ocr_par' dir='ltr' id='par_1_5' title="bbox 67 631 1337 899">
     <span class='ocr_line' id='line_1_7' title="bbox 67 631 1337 787; baseline -0.008 -74"><span class='ocrx_word' id='word_1_43' title='bbox 67 642 267 712; x_wconf 73' lang='grc' dir='ltr'><strong><em>ειι,ι..131ιτδ</em></strong></span> <span class='ocrx_word' id='word_1_44' title='bbox 296 639 452 708; x_wconf 55' lang='grc' dir='ltr'><strong><em>εἰδέναι(</em></strong></span> <span class='ocrx_word' id='word_1_45' title='bbox 439 670 453 706; x_wconf 91' lang='grc' dir='ltr'><strong><em>υ</em></strong></span> <span class='ocrx_word' id='word_1_46' title='bbox 455 646 519 726; x_wconf 86' lang='grc' dir='ltr'><strong><em>μῦς</em></strong></span> <span class='ocrx_word' id='word_1_47' title='bbox 540 650 587 717; x_wconf 88' lang='grc' dir='ltr'><strong><em>τίς</em></strong></span> <span class='ocrx_word' id='word_1_48' title='bbox 611 639 697 705; x_wconf 91' lang='grc' dir='ltr'><strong><em>ἐστιν</em></strong></span> <span class='ocrx_word' id='word_1_49' title='bbox 725 666 742 717; x_wconf 91' lang='grc' dir='ltr'><strong><em>η</em></strong></span> <span class='ocrx_word' id='word_1_50' title='bbox 767 637 858 712; x_wconf 86' lang='grc' dir='ltr'><strong><em>ἐλπὶς</em></strong></span> <span class='ocrx_word' id='word_1_51' title='bbox 879 664 933 716; x_wconf 92' lang='grc' dir='ltr'><strong><em>της</em></strong></span> <span class='ocrx_word' id='word_1_52' title='bbox 954 635 1092 716; x_wconf 75' lang='grc' dir='ltr'><strong><em>κλήσεως</em></strong></span> <span class='ocrx_word' id='word_1_53' title='bbox 1102 647 1181 787; x_wconf 57' lang='grc' dir='ltr'><strong><em>γ</em></strong></span> <span class='ocrx_word' id='word_1_54' title='bbox 1137 631 1254 715; x_wconf 86' lang='grc' dir='ltr'><strong><em>αῦτοῦ,</em></strong></span> <span class='ocrx_word' id='word_1_55' title='bbox 1283 643 1337 705; x_wconf 83' lang='grc' dir='ltr'><strong><em>καί</em></strong></span> 
     </span>
     <span class='ocr_line' id='line_1_8' title="bbox 230 724 1101 832; baseline -0.011 -36"><span class='ocrx_word' id='word_1_56' title='bbox 230 735 279 807; x_wconf 89' lang='grc' dir='ltr'><strong><em>τίς</em></strong></span> <span class='ocrx_word' id='word_1_57' title='bbox 315 725 333 793; x_wconf 88' lang='lat'><strong><em>6</em></strong></span> <span class='ocrx_word' id='word_1_58' title='bbox 369 728 511 804; x_wconf 85' lang='grc' dir='ltr'><strong><em>πλοῦτος</em></strong></span> <span class='ocrx_word' id='word_1_59' title='bbox 546 730 612 832; x_wconf 81' lang='grc' dir='ltr'><strong><em>τῆς</em></strong></span> <span class='ocrx_word' id='word_1_60' title='bbox 636 724 729 803; x_wconf 80' lang='grc' dir='ltr'><strong><em>δόξης</em></strong></span> <span class='ocrx_word' id='word_1_61' title='bbox 758 727 810 802; x_wconf 80' lang='grc' dir='ltr'><strong><em>τῆς</em></strong></span> <span class='ocrx_word' id='word_1_62' title='bbox 839 727 1052 807; x_wconf 82' lang='grc' dir='ltr'><strong><em>κληρονομίας</em></strong></span> <span class='ocrx_word' id='word_1_63' title='bbox 1080 748 1101 786; x_wconf 92' lang='grc' dir='ltr'><strong><em>α</em></strong></span> 
     </span>
     <span class='ocr_line' id='line_1_9' title="bbox 231 804 1332 926; baseline -0.008 -45"><span class='ocrx_word' id='word_1_64' title='bbox 231 812 369 926; x_wconf 79' lang='grc' dir='ltr'><strong><em>αἰγίοις,</em></strong></span> <span class='ocrx_word' id='word_1_65' title='bbox 387 820 442 880; x_wconf 84' lang='grc' dir='ltr'><strong><em>καί</em></strong></span> <span class='ocrx_word' id='word_1_66' title='bbox 470 820 503 878; x_wconf 90' lang='grc' dir='ltr'><strong><em>τί</em></strong></span> <span class='ocrx_word' id='word_1_67' title='bbox 530 811 565 877; x_wconf 88' lang='grc' dir='ltr'><strong><em>τδ</em></strong></span> <span class='ocrx_word' id='word_1_68' title='bbox 596 806 794 915; x_wconf 78' lang='grc' dir='ltr'><strong><em>ῦπερβάλλον</em></strong></span> <span class='ocrx_word' id='word_1_69' title='bbox 820 813 960 918; x_wconf 87' lang='grc' dir='ltr'><strong><em>μέγεθος</em></strong></span> <span class='ocrx_word' id='word_1_70' title='bbox 981 815 1035 888; x_wconf 82' lang='grc' dir='ltr'><strong><em>τῆς</em></strong></span> <span class='ocrx_word' id='word_1_71' title='bbox 1057 807 1221 893; x_wconf 86' lang='grc' dir='ltr'><strong><em>δυνάμεως</em></strong></span> <span class='ocrx_word' id='word_1_72' title='bbox 1241 804 1332 875; x_wconf 81' lang='grc' dir='ltr'><strong><em>αἰτοῦ</em></strong></span> 
     </span>
    </p>
   </div>
   <div class='ocr_carea' id='block_1_6' title="bbox 1121 722 1376 803">
    <p class='ocr_par' dir='ltr' id='par_1_6' title="bbox 1121 722 1376 803">
     <span class='ocr_line' id='line_1_10' title="bbox 1121 722 1376 803; baseline 0.012 -17"><span class='ocrx_word' id='word_1_73' title='bbox 1121 726 1181 787; x_wconf 89' lang='grc' dir='ltr'><strong><em>τοῦ</em></strong></span> <span class='ocrx_word' id='word_1_74' title='bbox 1208 722 1245 788; x_wconf 85' lang='grc' dir='ltr'><strong><em>ἐν</em></strong></span> <span class='ocrx_word' id='word_1_75' title='bbox 1264 734 1331 803; x_wconf 78' lang='grc' dir='ltr'><strong><em>τοίη</em></strong></span> <span class='ocrx_word' id='word_1_76' title='bbox 1375 767 1376 773; x_wconf 42' lang='lat'>1</span> 
     </span>
    </p>
   </div>
   <div class='ocr_carea' id='block_1_7' title="bbox 196 894 1376 1006">
    <p class='ocr_par' dir='ltr' id='par_1_7' title="bbox 196 894 1376 1006">
     <span class='ocr_line' id='line_1_11' title="bbox 196 894 1376 1006; baseline -0.006 -37.78"><span class='ocrx_word' id='word_1_77' title='bbox 196 903 278 979; x_wconf 89' lang='grc' dir='ltr'><strong><em>εἰς</em></strong></span> <span class='ocrx_word' id='word_1_78' title='bbox 306 899 399 1004; x_wconf 84' lang='grc' dir='ltr'><strong><em>ήμάς</em></strong></span> <span class='ocrx_word' id='word_1_79' title='bbox 415 898 487 977; x_wconf 88' lang='grc' dir='ltr'><strong><em>τοῦς</em></strong></span> <span class='ocrx_word' id='word_1_80' title='bbox 510 896 733 978; x_wconf 89' lang='grc' dir='ltr'><strong><em>πιστεύοντας,</em></strong></span> <span class='ocrx_word' id='word_1_81' title='bbox 766 900 845 961; x_wconf 84' lang='grc' dir='ltr'><strong><em>κατὰ</em></strong></span> <span class='ocrx_word' id='word_1_82' title='bbox 867 894 923 974; x_wconf 84' lang='grc' dir='ltr'><strong><em>τήν</em></strong></span> <span class='ocrx_word' id='word_1_83' title='bbox 943 895 1102 980; x_wconf 74' lang='grc' dir='ltr'><strong><em>ἐνέργειαν</em></strong></span> <span class='ocrx_word' id='word_1_84' title='bbox 1124 898 1182 965; x_wconf 87' lang='grc' dir='ltr'><strong><em>τοῦ</em></strong></span> <span class='ocrx_word' id='word_1_85' title='bbox 1203 894 1332 1006; x_wconf 80' lang='grc' dir='ltr'><strong><em>κράτους</em></strong></span> <span class='ocrx_word' id='word_1_86' title='bbox 1375 911 1376 914; x_wconf 75' lang='grc'>’</span> 
     </span>
    </p>
   </div>
   <div class='ocr_carea' id='block_1_8' title="bbox 233 978 1340 1092">
    <p class='ocr_par' dir='ltr' id='par_1_8' title="bbox 233 978 1340 1092">
     <span class='ocr_line' id='line_1_12' title="bbox 233 978 1340 1092; baseline -0.008 -39"><span class='ocrx_word' id='word_1_87' title='bbox 233 991 287 1067; x_wconf 82' lang='grc' dir='ltr'><strong><em>τῆς</em></strong></span> <span class='ocrx_word' id='word_1_88' title='bbox 305 983 426 1070; x_wconf 88' lang='grc' dir='ltr'><strong><em>ἰσχύος</em></strong></span> <span class='ocrx_word' id='word_1_89' title='bbox 454 982 566 1062; x_wconf 83' lang='grc' dir='ltr'><strong><em>αἰτοῦ,</em></strong></span> <span class='ocrx_word' id='word_1_90' title='bbox 597 979 635 1062; x_wconf 70' lang='lat'><strong><em>66</em></strong></span> <span class='ocrx_word' id='word_1_91' title='bbox 663 982 846 1066; x_wconf 76' lang='grc' dir='ltr'><strong><em>ἐνήργησεν</em></strong></span> <span class='ocrx_word' id='word_1_92' title='bbox 858 982 891 1047; x_wconf 89' lang='grc' dir='ltr'><strong><em>ἐν</em></strong></span> <span class='ocrx_word' id='word_1_93' title='bbox 913 981 1112 1091; x_wconf 78' lang='grc' dir='ltr'><strong><em>Χριστῷ,’</em></strong></span> <span class='ocrx_word' id='word_1_94' title='bbox 1093 978 1223 1092; x_wconf 85' lang='grc' dir='ltr'><strong><em>εγείρας</em></strong></span> <span class='ocrx_word' id='word_1_95' title='bbox 1244 978 1340 1046; x_wconf 80' lang='grc' dir='ltr'><strong><em>αἰτόν.</em></strong></span> 
     </span>
    </p>
   </div>
   <div class='ocr_carea' id='block_1_9' title="bbox 52 1063 1349 4174">
    <p class='ocr_par' dir='ltr' id='par_1_9' title="bbox 234 1063 1333 1180">
     <span class='ocr_line' id='line_1_13' title="bbox 234 1063 1333 1180; baseline -0.006 -40"><span class='ocrx_word' id='word_1_96' title='bbox 234 1074 268 1151; x_wconf 85' lang='grc' dir='ltr'><strong><em>ἐκ</em></strong></span> <span class='ocrx_word' id='word_1_97' title='bbox 271 1075 447 1180; x_wconf 76' lang='grc' dir='ltr'><strong><em>νεκράν,</em></strong></span> <span class='ocrx_word' id='word_1_98' title='bbox 446 1076 501 1137; x_wconf 81' lang='grc' dir='ltr'><strong><em>καὶ</em></strong></span> <span class='ocrx_word' id='word_1_99' title='bbox 523 1075 664 1146; x_wconf 90' lang='grc' dir='ltr'><strong><em>καθίσας</em></strong></span> <span class='ocrx_word' id='word_1_100' title='bbox 686 1067 782 1133; x_wconf 86' lang='grc' dir='ltr'><strong><em>αἰτόν</em></strong></span> <span class='ocrx_word' id='word_1_101' title='bbox 804 1067 837 1132; x_wconf 93' lang='grc' dir='ltr'><strong><em>ἐν</em></strong></span> <span class='ocrx_word' id='word_1_102' title='bbox 860 1070 949 1154; x_wconf 84' lang='grc' dir='ltr'><strong><em>δεξιά</em></strong></span> <span class='ocrx_word' id='word_1_103' title='bbox 971 1063 1069 1133; x_wconf 80' lang='grc' dir='ltr'><strong><em>αἰτοῦ</em></strong></span> <span class='ocrx_word' id='word_1_104' title='bbox 1090 1067 1124 1132; x_wconf 90' lang='grc' dir='ltr'><strong><em>ἐν</em></strong></span> <span class='ocrx_word' id='word_1_105' title='bbox 1142 1079 1218 1148; x_wconf 75' lang='grc' dir='ltr'><strong><em>τοῖς</em></strong></span> <span class='ocrx_word' id='word_1_106' title='bbox 1240 1064 1333 1154; x_wconf 79' lang='grc' dir='ltr'><strong><em>οἰριι·</em></strong></span> 
     </span>
    </p>

    <p class='ocr_par' dir='ltr' id='par_1_10' title="bbox 71 1130 1334 1264">
     <span class='ocr_line' id='line_1_14' title="bbox 71 1130 1334 1264; baseline -0.001 -42"><span class='ocrx_word' id='word_1_107' title='bbox 71 1173 106 1212; x_wconf 69' lang='grc'><strong><em>11</em></strong></span> <span class='ocrx_word' id='word_1_108' title='bbox 115 1162 318 1241; x_wconf 66' lang='grc' dir='ltr'><strong><em>ῦιῐνλθνοις,</em></strong></span> <span class='ocrx_word' id='word_1_109' title='bbox 346 1159 492 1245; x_wconf 87' lang='grc' dir='ltr'><strong><em>οπεροίνω</em></strong></span> <span class='ocrx_word' id='word_1_110' title='bbox 520 1155 624 1236; x_wconf 87' lang='grc' dir='ltr'><strong><em>πάσης</em></strong></span> <span class='ocrx_word' id='word_1_111' title='bbox 638 1152 754 1264; x_wconf 70' lang='grc' dir='ltr'><strong><em>ἀργῆς</em></strong></span> <span class='ocrx_word' id='word_1_112' title='bbox 780 1161 834 1219; x_wconf 84' lang='grc' dir='ltr'><strong><em>καί</em></strong></span> <span class='ocrx_word' id='word_1_113' title='bbox 856 1130 1004 1230; x_wconf 79' lang='grc' dir='ltr'><strong><em>ἐξουίτίας</em></strong></span> <span class='ocrx_word' id='word_1_114' title='bbox 1025 1158 1080 1219; x_wconf 79' lang='grc' dir='ltr'><strong><em>καὶ</em></strong></span> <span class='ocrx_word' id='word_1_115' title='bbox 1103 1153 1283 1264; x_wconf 43' lang='grc' dir='ltr'><strong><em>δυνάμᾘεως</em></strong></span> <span class='ocrx_word' id='word_1_116' title='bbox 1284 1158 1334 1221; x_wconf 81' lang='grc' dir='ltr'><strong><em>καί</em></strong></span> 
     </span>
    </p>

    <p class='ocr_par' dir='ltr' id='par_1_11' title="bbox 234 1233 1333 1354">
     <span class='ocr_line' id='line_1_15' title="bbox 234 1233 1333 1354; baseline -0.005 -42"><span class='ocrx_word' id='word_1_117' title='bbox 234 1243 435 1354; x_wconf 87' lang='grc' dir='ltr'><strong><em>κυριότητος,</em></strong></span> <span class='ocrx_word' id='word_1_118' title='bbox 467 1248 521 1309; x_wconf 82' lang='grc' dir='ltr'><strong><em>καὶ</em></strong></span> <span class='ocrx_word' id='word_1_119' title='bbox 548 1241 668 1317; x_wconf 84' lang='grc' dir='ltr'><strong><em>παντός</em></strong></span> <span class='ocrx_word' id='word_1_120' title='bbox 697 1265 855 1324; x_wconf 90' lang='grc' dir='ltr'><strong><em>ονοματος</em></strong></span> <span class='ocrx_word' id='word_1_121' title='bbox 885 1233 1134 1323; x_wconf 84' lang='grc' dir='ltr'><strong><em>ὄνομαζομένου,</em></strong></span> <span class='ocrx_word' id='word_1_122' title='bbox 1172 1238 1210 1306; x_wconf 88' lang='lat'><strong><em>06</em></strong></span> <span class='ocrx_word' id='word_1_123' title='bbox 1238 1240 1333 1325; x_wconf 86' lang='grc' dir='ltr'><strong><em>μόνον</em></strong></span> 
     </span>
    </p>

    <p class='ocr_par' dir='ltr' id='par_1_12' title="bbox 235 1325 1334 1435">
     <span class='ocr_line' id='line_1_16' title="bbox 235 1325 1334 1435; baseline -0.005 -38"><span class='ocrx_word' id='word_1_124' title='bbox 235 1333 268 1397; x_wconf 89' lang='grc' dir='ltr'><strong><em>ἐν</em></strong></span> <span class='ocrx_word' id='word_1_125' title='bbox 297 1335 341 1418; x_wconf 79' lang='grc' dir='ltr'><strong><em>τῷ</em></strong></span> <span class='ocrx_word' id='word_1_126' title='bbox 373 1330 468 1394; x_wconf 84' lang='grc' dir='ltr'><strong><em>αἰώνι</em></strong></span> <span class='ocrx_word' id='word_1_127' title='bbox 497 1328 612 1435; x_wconf 89' lang='grc' dir='ltr'><strong><em>τούτῳ,</em></strong></span> <span class='ocrx_word' id='word_1_128' title='bbox 643 1325 723 1392; x_wconf 81' lang='grc' dir='ltr'><strong><em>ἀλλά</em></strong></span> <span class='ocrx_word' id='word_1_129' title='bbox 752 1332 806 1392; x_wconf 85' lang='grc' dir='ltr'><strong><em>καί</em></strong></span> <span class='ocrx_word' id='word_1_130' title='bbox 834 1326 867 1390; x_wconf 89' lang='grc' dir='ltr'><strong><em>ἐν</em></strong></span> <span class='ocrx_word' id='word_1_131' title='bbox 895 1332 941 1414; x_wconf 73' lang='grc' dir='ltr'><strong><em>τῷ</em></strong></span> <span class='ocrx_word' id='word_1_132' title='bbox 962 1331 1128 1434; x_wconf 87' lang='grc' dir='ltr'><strong><em>μέλλοντι,</em></strong></span> <span class='ocrx_word' id='word_1_133' title='bbox 1159 1333 1215 1392; x_wconf 87' lang='grc' dir='ltr'><strong><em>καί</em></strong></span> <span class='ocrx_word' id='word_1_134' title='bbox 1237 1327 1334 1391; x_wconf 70' lang='grc' dir='ltr'><strong><em>πάντα</em></strong></span> 
     </span>
    </p>

    <p class='ocr_par' dir='ltr' id='par_1_13' title="bbox 235 1393 1333 1523">
     <span class='ocr_line' id='line_1_17' title="bbox 235 1393 1333 1523; baseline -0.005 -38"><span class='ocrx_word' id='word_1_135' title='bbox 235 1395 400 1485; x_wconf 70' lang='grc' dir='ltr'><strong><em>ἐδωιιένι</em></strong></span> <span class='ocrx_word' id='word_1_136' title='bbox 384 1414 447 1479; x_wconf 84' lang='grc' dir='ltr'><strong><em>ιιπό</em></strong></span> <span class='ocrx_word' id='word_1_137' title='bbox 481 1412 555 1491; x_wconf 85' lang='grc' dir='ltr'><strong><em>τοῦς</em></strong></span> <span class='ocrx_word' id='word_1_138' title='bbox 580 1393 691 1490; x_wconf 81' lang='grc' dir='ltr'><strong><em>πόδας</em></strong></span> <span class='ocrx_word' id='word_1_139' title='bbox 720 1410 832 1489; x_wconf 81' lang='grc' dir='ltr'><strong><em>αἰτοῦ,</em></strong></span> <span class='ocrx_word' id='word_1_140' title='bbox 870 1418 924 1477; x_wconf 82' lang='grc' dir='ltr'><strong><em>καὶ</em></strong></span> <span class='ocrx_word' id='word_1_141' title='bbox 953 1408 1049 1476; x_wconf 80' lang='grc' dir='ltr'><strong><em>αἰτόν</em></strong></span> <span class='ocrx_word' id='word_1_142' title='bbox 1076 1410 1173 1478; x_wconf 84' lang='grc' dir='ltr'><strong><em>ἐδωκε</em></strong></span> <span class='ocrx_word' id='word_1_143' title='bbox 1179 1411 1333 1523; x_wconf 77' lang='grc' dir='ltr'><strong><em>κεφαλήν</em></strong></span> 
     </span>
    </p>

    <p class='ocr_par' dir='ltr' id='par_1_14' title="bbox 233 1495 1333 1609">
     <span class='ocr_line' id='line_1_18' title="bbox 233 1495 1333 1609; baseline -0.004 -42"><span class='ocrx_word' id='word_1_144' title='bbox 233 1498 313 1608; x_wconf 85' lang='grc' dir='ltr'><strong><em>ῦπέρ</em></strong></span> <span class='ocrx_word' id='word_1_145' title='bbox 342 1499 477 1593; x_wconf 69' lang='grc' dir='ltr'><strong><em>60πάντα</em></strong></span> <span class='ocrx_word' id='word_1_146' title='bbox 505 1499 543 1591; x_wconf 82' lang='grc' dir='ltr'><strong><em>τή</em></strong></span> <span class='ocrx_word' id='word_1_147' title='bbox 570 1500 736 1609; x_wconf 73' lang='grc' dir='ltr'><strong><em>ἐκκλησίᾳ,</em></strong></span> <span class='ocrx_word' id='word_1_148' title='bbox 769 1498 837 1577; x_wconf 79' lang='grc' dir='ltr'><strong><em>ήτις</em></strong></span> <span class='ocrx_word' id='word_1_149' title='bbox 864 1498 933 1565; x_wconf 79' lang='grc' dir='ltr'><strong><em>ἐστὶ</em></strong></span> <span class='ocrx_word' id='word_1_150' title='bbox 962 1497 999 1562; x_wconf 86' lang='grc' dir='ltr'><strong><em>τδ</em></strong></span> <span class='ocrx_word' id='word_1_151' title='bbox 1029 1501 1122 1581; x_wconf 84' lang='grc' dir='ltr'><strong><em>σῶμα</em></strong></span> <span class='ocrx_word' id='word_1_152' title='bbox 1151 1495 1266 1578; x_wconf 80' lang='grc' dir='ltr'><strong><em>αἰτοῦ,</em></strong></span> <span class='ocrx_word' id='word_1_153' title='bbox 1298 1496 1333 1563; x_wconf 79' lang='grc' dir='ltr'><strong><em>τέ</em></strong></span> 
     </span>
    </p>

    <p class='ocr_par' dir='ltr' id='par_1_15' title="bbox 72 1576 1326 1692">
     <span class='ocr_line' id='line_1_19' title="bbox 72 1576 1326 1692; baseline -0.004 -39"><span class='ocrx_word' id='word_1_154' title='bbox 72 1605 121 1654; x_wconf 69' lang='grc' dir='ltr'><strong><em>ῑιι</em></strong></span> <span class='ocrx_word' id='word_1_155' title='bbox 128 1597 225 1652; x_wconf 70' lang='grc' dir='ltr'><strong><em>1111ιι</em></strong></span> <span class='ocrx_word' id='word_1_156' title='bbox 234 1576 401 1691; x_wconf 80' lang='grc' dir='ltr'><strong><em>πλήρωμά</em></strong></span> <span class='ocrx_word' id='word_1_157' title='bbox 419 1593 477 1651; x_wconf 92' lang='grc' dir='ltr'><strong><em>τοῦ</em></strong></span> <span class='ocrx_word' id='word_1_158' title='bbox 506 1585 545 1651; x_wconf 87' lang='grc' dir='ltr'><strong><em>τδι</em></strong></span> <span class='ocrx_word' id='word_1_159' title='bbox 576 1585 678 1651; x_wconf 88' lang='grc' dir='ltr'><strong><em>πάντα</em></strong></span> <span class='ocrx_word' id='word_1_160' title='bbox 708 1585 742 1650; x_wconf 87' lang='grc' dir='ltr'><strong><em>ἐν</em></strong></span> <span class='ocrx_word' id='word_1_161' title='bbox 770 1588 851 1651; x_wconf 84' lang='grc' dir='ltr'><strong><em>πάσι</em></strong></span> <span class='ocrx_word' id='word_1_162' title='bbox 881 1587 1240 1692; x_wconf 86' lang='grc' dir='ltr'><strong><em>πληρουμένου.Καί</em></strong></span> <span class='ocrx_word' id='word_1_163' title='bbox 1266 1589 1326 1690; x_wconf 90' lang='grc' dir='ltr'><strong><em>μεθ</em></strong></span> 
     </span>
    </p>

    <p class='ocr_par' dir='ltr' id='par_1_16' title="bbox 235 1664 1333 1758">
     <span class='ocr_line' id='line_1_20' title="bbox 235 1664 1333 1758; baseline -0.005 -17"><span class='ocrx_word' id='word_1_164' title='bbox 235 1675 327 1758; x_wconf 75' lang='grc' dir='ltr'><strong><em>ἕτερα</em></strong></span> <span class='ocrx_word' id='word_1_165' title='bbox 355 1671 565 1738; x_wconf 86' lang='grc' dir='ltr'><strong><em>πάλιν·Καί</em></strong></span> <span class='ocrx_word' id='word_1_166' title='bbox 594 1668 690 1748; x_wconf 86' lang='grc' dir='ltr'><strong><em>αῦτός</em></strong></span> <span class='ocrx_word' id='word_1_167' title='bbox 719 1670 815 1736; x_wconf 85' lang='grc' dir='ltr'><strong><em>ἐδωκε</em></strong></span> <span class='ocrx_word' id='word_1_168' title='bbox 844 1669 918 1747; x_wconf 85' lang='grc' dir='ltr'><strong><em>τοῦς</em></strong></span> <span class='ocrx_word' id='word_1_169' title='bbox 938 1675 998 1754; x_wconf 83' lang='grc' dir='ltr'><strong><em>μὲν</em></strong></span> <span class='ocrx_word' id='word_1_170' title='bbox 1019 1664 1238 1750; x_wconf 89' lang='grc' dir='ltr'><strong><em>ἀποστόλους,</em></strong></span> <span class='ocrx_word' id='word_1_171' title='bbox 1267 1667 1333 1747; x_wconf 85' lang='grc' dir='ltr'><strong><em>τοίς</em></strong></span> 
     </span>
    </p>

    <p class='ocr_par' dir='ltr' id='par_1_17' title="bbox 235 1753 1336 1870">
     <span class='ocr_line' id='line_1_21' title="bbox 235 1753 1336 1870; baseline -0.006 -43"><span class='ocrx_word' id='word_1_172' title='bbox 235 1765 271 1827; x_wconf 84' lang='grc' dir='ltr'><strong><em>δέ</em></strong></span> <span class='ocrx_word' id='word_1_173' title='bbox 298 1758 481 1863; x_wconf 87' lang='grc' dir='ltr'><strong><em>προφήτας,</em></strong></span> <span class='ocrx_word' id='word_1_174' title='bbox 508 1759 581 1866; x_wconf 82' lang='grc' dir='ltr'><strong><em>τοῦς</em></strong></span> <span class='ocrx_word' id='word_1_175' title='bbox 608 1761 644 1823; x_wconf 87' lang='grc' dir='ltr'><strong><em>δέ</em></strong></span> <span class='ocrx_word' id='word_1_176' title='bbox 673 1753 909 1864; x_wconf 84' lang='grc' dir='ltr'><strong><em>εῦαγγελισταίς,</em></strong></span> <span class='ocrx_word' id='word_1_177' title='bbox 945 1756 1020 1833; x_wconf 88' lang='grc' dir='ltr'><strong><em>τοῦς</em></strong></span> <span class='ocrx_word' id='word_1_178' title='bbox 1047 1760 1082 1821; x_wconf 83' lang='grc' dir='ltr'><strong><em>δέ</em></strong></span> <span class='ocrx_word' id='word_1_179' title='bbox 1108 1761 1267 1870; x_wconf 79' lang='grc' dir='ltr'><strong><em>ποιμένας</em></strong></span> <span class='ocrx_word' id='word_1_180' title='bbox 1286 1762 1336 1823; x_wconf 81' lang='grc' dir='ltr'><strong><em>καὶ</em></strong></span> 
     </span>
    </p>

    <p class='ocr_par' dir='ltr' id='par_1_18' title="bbox 236 1839 1334 1953">
     <span class='ocr_line' id='line_1_22' title="bbox 236 1839 1334 1953; baseline -0.002 -42"><span class='ocrx_word' id='word_1_181' title='bbox 236 1846 463 1926; x_wconf 79' lang='grc' dir='ltr'><strong><em>διδασκάλους,</em></strong></span> <span class='ocrx_word' id='word_1_182' title='bbox 483 1843 564 1930; x_wconf 83' lang='grc' dir='ltr'><strong><em>πρός</em></strong></span> <span class='ocrx_word' id='word_1_183' title='bbox 586 1843 642 1908; x_wconf 83' lang='grc' dir='ltr'><strong><em>τόν</em></strong></span> <span class='ocrx_word' id='word_1_184' title='bbox 659 1841 874 1949; x_wconf 80' lang='grc' dir='ltr'><strong><em>καταρτισμὸν</em></strong></span> <span class='ocrx_word' id='word_1_185' title='bbox 893 1846 956 1907; x_wconf 85' lang='grc' dir='ltr'><strong><em>τών</em></strong></span> <span class='ocrx_word' id='word_1_186' title='bbox 974 1839 1072 1926; x_wconf 77' lang='grc' dir='ltr'><strong><em>ἁγίων</em></strong></span> <span class='ocrx_word' id='word_1_187' title='bbox 1090 1843 1136 1919; x_wconf 93' lang='grc' dir='ltr'><strong><em>εἰς</em></strong></span> <span class='ocrx_word' id='word_1_188' title='bbox 1155 1843 1252 1953; x_wconf 73' lang='grc' dir='ltr'><strong><em>ἔργον</em></strong></span> <span class='ocrx_word' id='word_1_189' title='bbox 1269 1847 1334 1909; x_wconf 65' lang='lat'><strong><em>66</em></strong></span> 
     </span>
    </p>

    <p class='ocr_par' dir='ltr' id='par_1_19' title="bbox 214 1928 1335 2015">
     <span class='ocr_line' id='line_1_23' title="bbox 214 1928 1335 2015; baseline -0.005 -16"><span class='ocrx_word' id='word_1_190' title='bbox 214 1936 362 2010; x_wconf 84' lang='grc' dir='ltr'><strong><em>κονίας,</em></strong></span> <span class='ocrx_word' id='word_1_191' title='bbox 392 1931 437 2007; x_wconf 90' lang='grc' dir='ltr'><strong><em>εἰς</em></strong></span> <span class='ocrx_word' id='word_1_192' title='bbox 460 1929 635 2014; x_wconf 80' lang='grc' dir='ltr'><strong><em>οἰκοδομήν</em></strong></span> <span class='ocrx_word' id='word_1_193' title='bbox 656 1934 714 1995; x_wconf 91' lang='grc' dir='ltr'><strong><em>τοῦ</em></strong></span> <span class='ocrx_word' id='word_1_194' title='bbox 735 1928 883 2012; x_wconf 88' lang='grc' dir='ltr'><strong><em>σώματος</em></strong></span> <span class='ocrx_word' id='word_1_195' title='bbox 904 1954 960 1993; x_wconf 90' lang='grc' dir='ltr'><strong><em>του</em></strong></span> <span class='ocrx_word' id='word_1_196' title='bbox 945 1932 1140 2014; x_wconf 76' lang='grc' dir='ltr'><strong><em>Χριστοῦ,</em></strong></span> <span class='ocrx_word' id='word_1_197' title='bbox 1163 1935 1260 2015; x_wconf 86' lang='grc' dir='ltr'><strong><em>μέχρι</em></strong></span> <span class='ocrx_word' id='word_1_198' title='bbox 1281 1956 1335 1995; x_wconf 85' lang='grc' dir='ltr'><strong><em>κα·</em></strong></span> 
     </span>
    </p>

    <p class='ocr_par' dir='ltr' id='par_1_20' title="bbox 236 2014 1336 2189">
     <span class='ocr_line' id='line_1_24' title="bbox 236 2014 1336 2101; baseline -0.003 -16"><span class='ocrx_word' id='word_1_199' title='bbox 236 2017 430 2101; x_wconf 87' lang='grc' dir='ltr'><strong><em>ταντήσομεν</em></strong></span> <span class='ocrx_word' id='word_1_200' title='bbox 461 2017 495 2082; x_wconf 81' lang='grc' dir='ltr'><strong><em>οἱ</em></strong></span> <span class='ocrx_word' id='word_1_201' title='bbox 520 2015 634 2092; x_wconf 86' lang='grc' dir='ltr'><strong><em>πάντες</em></strong></span> <span class='ocrx_word' id='word_1_202' title='bbox 663 2016 709 2092; x_wconf 85' lang='grc' dir='ltr'><strong><em>εἰς</em></strong></span> <span class='ocrx_word' id='word_1_203' title='bbox 738 2015 795 2094; x_wconf 83' lang='grc' dir='ltr'><strong><em>τήν</em></strong></span> <span class='ocrx_word' id='word_1_204' title='bbox 821 2014 951 2094; x_wconf 78' lang='grc' dir='ltr'><strong><em>ἑνότητα</em></strong></span> <span class='ocrx_word' id='word_1_205' title='bbox 980 2019 1033 2093; x_wconf 82' lang='grc' dir='ltr'><strong><em>τῆς</em></strong></span> <span class='ocrx_word' id='word_1_206' title='bbox 1054 2021 1193 2092; x_wconf 88' lang='grc' dir='ltr'><strong><em>πίστεως</em></strong></span> <span class='ocrx_word' id='word_1_207' title='bbox 1212 2023 1268 2083; x_wconf 83' lang='grc' dir='ltr'><strong><em>καί</em></strong></span> <span class='ocrx_word' id='word_1_208' title='bbox 1288 2019 1336 2095; x_wconf 83' lang='grc' dir='ltr'><strong><em>τής</em></strong></span> 
     </span>
     <span class='ocr_line' id='line_1_25' title="bbox 236 2098 1264 2212; baseline -0.003 -40"><span class='ocrx_word' id='word_1_209' title='bbox 236 2104 435 2212; x_wconf 80' lang='grc' dir='ltr'><strong><em>ἐπιγνώσεως</em></strong></span> <span class='ocrx_word' id='word_1_210' title='bbox 464 2107 521 2168; x_wconf 90' lang='grc' dir='ltr'><strong><em>τοῦ</em></strong></span> <span class='ocrx_word' id='word_1_211' title='bbox 547 2102 620 2167; x_wconf 81' lang='grc' dir='ltr'><strong><em>υἱοῦ</em></strong></span> <span class='ocrx_word' id='word_1_212' title='bbox 647 2106 704 2167; x_wconf 93' lang='grc' dir='ltr'><strong><em>τοῦ</em></strong></span> <span class='ocrx_word' id='word_1_213' title='bbox 733 2100 830 2182; x_wconf 87' lang='grc' dir='ltr'><strong><em>θεοῦ,</em></strong></span> <span class='ocrx_word' id='word_1_214' title='bbox 860 2102 905 2177; x_wconf 89' lang='grc' dir='ltr'><strong><em>εἰς</em></strong></span> <span class='ocrx_word' id='word_1_215' title='bbox 926 2098 1027 2186; x_wconf 85' lang='grc' dir='ltr'><strong><em>ἀνδρα</em></strong></span> <span class='ocrx_word' id='word_1_216' title='bbox 1050 2105 1189 2184; x_wconf 87' lang='grc' dir='ltr'><strong><em>τέλειον,</em></strong></span> <span class='ocrx_word' id='word_1_217' title='bbox 1216 2103 1264 2181; x_wconf 91' lang='grc' dir='ltr'><strong><em>εἰς</em></strong></span> 
     </span>
    </p>

    <p class='ocr_par' dir='ltr' id='par_1_21' title="bbox 237 2152 1340 2312">
     <span class='ocr_line' id='line_1_26' title="bbox 237 2152 1340 2312; baseline -0.003 -54"><span class='ocrx_word' id='word_1_218' title='bbox 237 2217 313 2274; x_wconf 93' lang='grc' dir='ltr'><strong><em>τρον</em></strong></span> <span class='ocrx_word' id='word_1_219' title='bbox 335 2188 459 2312; x_wconf 61' lang='grc' dir='ltr'><strong><em>ήλιγιίας</em></strong></span> <span class='ocrx_word' id='word_1_220' title='bbox 481 2193 535 2254; x_wconf 91' lang='grc' dir='ltr'><strong><em>τοῦ</em></strong></span> <span class='ocrx_word' id='word_1_221' title='bbox 557 2188 768 2274; x_wconf 80' lang='grc' dir='ltr'><strong><em>πληρώματος</em></strong></span> <span class='ocrx_word' id='word_1_222' title='bbox 789 2213 844 2252; x_wconf 88' lang='grc' dir='ltr'><strong><em>του</em></strong></span> <span class='ocrx_word' id='word_1_223' title='bbox 831 2190 1058 2293; x_wconf 77' lang='grc' dir='ltr'><strong><em>Χριστοῦ,</em></strong></span> <span class='ocrx_word' id='word_1_224' title='bbox 1051 2188 1105 2252; x_wconf 89' lang='grc' dir='ltr'><strong><em>ίνα</em></strong></span> <span class='ocrx_word' id='word_1_225' title='bbox 1125 2192 1251 2300; x_wconf 85' lang='grc' dir='ltr'><strong><em>μηκέτι</em></strong></span> <span class='ocrx_word' id='word_1_226' title='bbox 1253 2152 1340 2272; x_wconf 78' lang='grc' dir='ltr'><strong><em>ωμεν</em></strong></span> 
     </span>
    </p>

    <p class='ocr_par' dir='ltr' id='par_1_22' title="bbox 238 2271 1341 2385">
     <span class='ocr_line' id='line_1_27' title="bbox 238 2271 1341 2385; baseline -0.002 -41"><span class='ocrx_word' id='word_1_227' title='bbox 238 2277 347 2358; x_wconf 90' lang='grc' dir='ltr'><strong><em>νήπιοι</em></strong></span> <span class='ocrx_word' id='word_1_228' title='bbox 374 2275 672 2385; x_wconf 65' lang='grc' dir='ltr'><strong><em>’κλυδωνιζόμενοι</em></strong></span> <span class='ocrx_word' id='word_1_229' title='bbox 697 2281 751 2340; x_wconf 87' lang='grc' dir='ltr'><strong><em>καὶ</em></strong></span> <span class='ocrx_word' id='word_1_230' title='bbox 771 2272 1022 2382; x_wconf 84' lang='grc' dir='ltr'><strong><em>περιφερόμενοι</em></strong></span> <span class='ocrx_word' id='word_1_231' title='bbox 1043 2280 1139 2339; x_wconf 79' lang='grc' dir='ltr'><strong><em>παντὶ</em></strong></span> <span class='ocrx_word' id='word_1_232' title='bbox 1161 2271 1268 2364; x_wconf 78' lang='grc' dir='ltr'><strong><em>ἀνέμῳ</em></strong></span> <span class='ocrx_word' id='word_1_233' title='bbox 1288 2277 1341 2354; x_wconf 75' lang='grc' dir='ltr'><strong><em>τῆς</em></strong></span> 
     </span>
    </p>

    <p class='ocr_par' dir='ltr' id='par_1_23' title="bbox 238 2354 1339 2472">
     <span class='ocr_line' id='line_1_28' title="bbox 238 2354 1339 2472; baseline -0.005 -42"><span class='ocrx_word' id='word_1_234' title='bbox 238 2368 461 2444; x_wconf 85' lang='grc' dir='ltr'><strong><em>διδασκαλίας,</em></strong></span> <span class='ocrx_word' id='word_1_235' title='bbox 499 2362 531 2426; x_wconf 89' lang='grc' dir='ltr'><strong><em>ἐν</em></strong></span> <span class='ocrx_word' id='word_1_236' title='bbox 564 2365 601 2452; x_wconf 84' lang='grc' dir='ltr'><strong><em>τή</em></strong></span> <span class='ocrx_word' id='word_1_237' title='bbox 628 2368 737 2447; x_wconf 77' lang='grc' dir='ltr'><strong><em>κυβεία</em></strong></span> <span class='ocrx_word' id='word_1_238' title='bbox 765 2387 828 2425; x_wconf 90' lang='grc' dir='ltr'><strong><em>των</em></strong></span> <span class='ocrx_word' id='word_1_239' title='bbox 856 2354 1102 2469; x_wconf 81' lang='grc' dir='ltr'><strong><em>ἀνθρώπων,’</em></strong></span> <span class='ocrx_word' id='word_1_240' title='bbox 1087 2385 1122 2425; x_wconf 90' lang='grc' dir='ltr'><strong><em>εν</em></strong></span> <span class='ocrx_word' id='word_1_241' title='bbox 1150 2368 1339 2472; x_wconf 76' lang='grc' dir='ltr'><strong><em>πανουργία,</em></strong></span> 
     </span>
    </p>

    <p class='ocr_par' dir='ltr' id='par_1_24' title="bbox 239 2431 1335 2563">
     <span class='ocr_line' id='line_1_29' title="bbox 239 2431 1335 2563; baseline -0.003 -48.933"><span class='ocrx_word' id='word_1_242' title='bbox 239 2448 320 2563; x_wconf 73' lang='grc' dir='ltr'><strong><em>πρὸς</em></strong></span> <span class='ocrx_word' id='word_1_243' title='bbox 348 2447 402 2528; x_wconf 84' lang='grc' dir='ltr'><strong><em>τήν</em></strong></span> <span class='ocrx_word' id='word_1_244' title='bbox 427 2431 667 2557; x_wconf 80' lang='grc' dir='ltr'><strong><em>μεθοδείάν</em></strong></span> <span class='ocrx_word' id='word_1_245' title='bbox 631 2475 684 2527; x_wconf 90' lang='grc' dir='ltr'><strong><em>της</em></strong></span> <span class='ocrx_word' id='word_1_246' title='bbox 711 2445 848 2531; x_wconf 89' lang='grc' dir='ltr'><strong><em>πλάνης,</em></strong></span> <span class='ocrx_word' id='word_1_247' title='bbox 876 2444 1088 2526; x_wconf 73' lang='grc' dir='ltr'><strong><em>ἀληθεύοντες</em></strong></span> <span class='ocrx_word' id='word_1_248' title='bbox 1115 2447 1193 2512; x_wconf 90' lang='grc' dir='ltr'><strong><em>δέ</em></strong></span> <span class='ocrx_word' id='word_1_249' title='bbox 1179 2473 1213 2513; x_wconf 88' lang='grc' dir='ltr'><strong><em>εν</em></strong></span> <span class='ocrx_word' id='word_1_250' title='bbox 1225 2445 1335 2556; x_wconf 82' lang='grc' dir='ltr'><strong><em>ἀγάπη</em></strong></span> 
     </span>
    </p>

    <p class='ocr_par' dir='ltr' id='par_1_25' title="bbox 240 2529 1337 2619">
     <span class='ocr_line' id='line_1_30' title="bbox 240 2529 1337 2619; baseline -0.003 -20"><span class='ocrx_word' id='word_1_251' title='bbox 240 2534 424 2617; x_wconf 80' lang='grc' dir='ltr'><strong><em>αι’ξηοωμευ</em></strong></span> <span class='ocrx_word' id='word_1_252' title='bbox 452 2534 497 2609; x_wconf 91' lang='grc' dir='ltr'><strong><em>εἰς</em></strong></span> <span class='ocrx_word' id='word_1_253' title='bbox 528 2531 626 2598; x_wconf 82' lang='grc' dir='ltr'><strong><em>αἰτόν</em></strong></span> <span class='ocrx_word' id='word_1_254' title='bbox 654 2532 692 2598; x_wconf 83' lang='grc' dir='ltr'><strong><em>τά</em></strong></span> <span class='ocrx_word' id='word_1_255' title='bbox 715 2533 835 2604; x_wconf 85' lang='grc' dir='ltr'><strong><em>πάντα,</em></strong></span> <span class='ocrx_word' id='word_1_256' title='bbox 867 2533 904 2609; x_wconf 88' lang='grc' dir='ltr'><strong><em>ός</em></strong></span> <span class='ocrx_word' id='word_1_257' title='bbox 926 2532 1013 2598; x_wconf 89' lang='grc' dir='ltr'><strong><em>ἐστιν</em></strong></span> <span class='ocrx_word' id='word_1_258' title='bbox 1034 2529 1051 2611; x_wconf 93' lang='lat'><strong><em>6</em></strong></span> <span class='ocrx_word' id='word_1_259' title='bbox 1074 2530 1236 2618; x_wconf 65' lang='lat'>2⁶6666‘</span> <span class='ocrx_word' id='word_1_260' title='bbox 1218 2561 1237 2600; x_wconf 92' lang='grc' dir='ltr'><strong><em>ο</em></strong></span> <span class='ocrx_word' id='word_1_261' title='bbox 1259 2537 1337 2619; x_wconf 86' lang='grc' dir='ltr'><strong><em>Χρι-</em></strong></span> 
     </span>
    </p>

    <p class='ocr_par' dir='ltr' id='par_1_26' title="bbox 240 2612 1337 2729">
     <span class='ocr_line' id='line_1_31' title="bbox 240 2612 1337 2729; baseline -0.004 -42"><span class='ocrx_word' id='word_1_262' title='bbox 240 2619 374 2698; x_wconf 88' lang='grc' dir='ltr'><strong><em>στός,ε</em></strong></span> <span class='ocrx_word' id='word_1_263' title='bbox 360 2622 393 2696; x_wconf 81' lang='grc' dir='ltr'><strong><em>ἐξ</em></strong></span> <span class='ocrx_word' id='word_1_264' title='bbox 423 2612 461 2684; x_wconf 86' lang='lat'><strong><em>06</em></strong></span> <span class='ocrx_word' id='word_1_265' title='bbox 482 2624 547 2682; x_wconf 86' lang='grc' dir='ltr'><strong><em>πάν</em></strong></span> <span class='ocrx_word' id='word_1_266' title='bbox 568 2619 610 2727; x_wconf 62' lang='grc' dir='ltr'><strong><em>τό</em></strong></span> <span class='ocrx_word' id='word_1_267' title='bbox 630 2624 725 2703; x_wconf 85' lang='grc' dir='ltr'><strong><em>σώμα</em></strong></span> <span class='ocrx_word' id='word_1_268' title='bbox 747 2618 1112 2729; x_wconf 84' lang='grc' dir='ltr'><strong><em>συναρμολογούμενον</em></strong></span> <span class='ocrx_word' id='word_1_269' title='bbox 1108 2625 1163 2684; x_wconf 80' lang='grc' dir='ltr'><strong><em>καὶ</em></strong></span> <span class='ocrx_word' id='word_1_270' title='bbox 1185 2626 1337 2727; x_wconf 72' lang='grc' dir='ltr'><strong><em>συμβιβα-</em></strong></span> 
     </span>
    </p>

    <p class='ocr_par' dir='ltr' id='par_1_27' title="bbox 80 2702 1339 2809">
     <span class='ocr_line' id='line_1_32' title="bbox 80 2702 1339 2809; baseline -0.002 -36"><span class='ocrx_word' id='word_1_271' title='bbox 80 2721 130 2763; x_wconf 68' lang='grc'><strong><em>111</em></strong></span> <span class='ocrx_word' id='word_1_272' title='bbox 142 2707 373 2790; x_wconf 75' lang='grc' dir='ltr'><strong><em>1--1111ζόμενον</em></strong></span> <span class='ocrx_word' id='word_1_273' title='bbox 394 2704 446 2770; x_wconf 86' lang='grc' dir='ltr'><strong><em>διά</em></strong></span> <span class='ocrx_word' id='word_1_274' title='bbox 468 2703 571 2786; x_wconf 85' lang='grc' dir='ltr'><strong><em>πάσης</em></strong></span> <span class='ocrx_word' id='word_1_275' title='bbox 593 2702 675 2809; x_wconf 65' lang='lat'>6669</span> <span class='ocrx_word' id='word_1_276' title='bbox 695 2710 748 2785; x_wconf 82' lang='grc' dir='ltr'><strong><em>τῆς</em></strong></span> <span class='ocrx_word' id='word_1_277' title='bbox 769 2705 976 2790; x_wconf 84' lang='grc' dir='ltr'><strong><em>ἐπιχορηγίας</em></strong></span> <span class='ocrx_word' id='word_1_278' title='bbox 991 2721 995 2789; x_wconf 82' lang='grc' dir='ltr'>Ι</span> <span class='ocrx_word' id='word_1_279' title='bbox 1009 2731 1067 2770; x_wconf 91' lang='grc' dir='ltr'><strong><em>κατ</em></strong></span> <span class='ocrx_word' id='word_1_280' title='bbox 1097 2704 1259 2789; x_wconf 85' lang='grc' dir='ltr'><strong><em>ἐνέργειαν</em></strong></span> <span class='ocrx_word' id='word_1_281' title='bbox 1275 2704 1339 2779; x_wconf 84' lang='grc' dir='ltr'><strong><em>ἐνδς</em></strong></span> 
     </span>
    </p>

    <p class='ocr_par' dir='ltr' id='par_1_28' title="bbox 239 2790 1338 2903">
     <span class='ocr_line' id='line_1_33' title="bbox 239 2790 1338 2903; baseline -0.002 -44"><span class='ocrx_word' id='word_1_282' title='bbox 239 2792 374 2860; x_wconf 78' lang='grc' dir='ltr'><strong><em>ἑκάστου</em></strong></span> <span class='ocrx_word' id='word_1_283' title='bbox 401 2795 517 2875; x_wconf 86' lang='grc' dir='ltr'><strong><em>μέλους</em></strong></span> <span class='ocrx_word' id='word_1_284' title='bbox 544 2790 599 2870; x_wconf 84' lang='grc' dir='ltr'><strong><em>τήν</em></strong></span> <span class='ocrx_word' id='word_1_285' title='bbox 620 2790 757 2900; x_wconf 83' lang='grc' dir='ltr'><strong><em>αῦξησιν</em></strong></span> <span class='ocrx_word' id='word_1_286' title='bbox 774 2796 831 2856; x_wconf 89' lang='grc' dir='ltr'><strong><em>τοῦ</em></strong></span> <span class='ocrx_word' id='word_1_287' title='bbox 820 2791 1005 2903; x_wconf 43' lang='grc' dir='ltr'><strong><em>Ήσώματος</em></strong></span> <span class='ocrx_word' id='word_1_288' title='bbox 1021 2802 1163 2872; x_wconf 82' lang='grc' dir='ltr'><strong><em>ποιεῖται</em></strong></span> <span class='ocrx_word' id='word_1_289' title='bbox 1187 2793 1234 2869; x_wconf 88' lang='grc' dir='ltr'><strong><em>εἰς</em></strong></span> <span class='ocrx_word' id='word_1_290' title='bbox 1255 2793 1338 2858; x_wconf 86' lang='grc' dir='ltr'><strong><em>οἰκο·</em></strong></span> 
     </span>
    </p>

    <p class='ocr_par' dir='ltr' id='par_1_29' title="bbox 241 2868 1339 2988">
     <span class='ocr_line' id='line_1_34' title="bbox 241 2868 1339 2988; baseline -0.001 -44"><span class='ocrx_word' id='word_1_291' title='bbox 241 2877 375 2964; x_wconf 77' lang='grc' dir='ltr'><strong><em>δομὴν</em></strong></span> <span class='ocrx_word' id='word_1_292' title='bbox 362 2882 476 2944; x_wconf 91' lang='grc' dir='ltr'><strong><em>εαυτοῦ</em></strong></span> <span class='ocrx_word' id='word_1_293' title='bbox 498 2879 530 2943; x_wconf 86' lang='grc' dir='ltr'><strong><em>ἐν</em></strong></span> <span class='ocrx_word' id='word_1_294' title='bbox 551 2873 666 2988; x_wconf 79' lang='grc' dir='ltr'><strong><em>ἀγάπη.</em></strong></span> <span class='ocrx_word' id='word_1_295' title='bbox 711 2872 776 2943; x_wconf 87' lang='grc' dir='ltr'><strong><em>Οῦκ</em></strong></span> <span class='ocrx_word' id='word_1_296' title='bbox 800 2872 891 2962; x_wconf 81' lang='grc' dir='ltr'><strong><em>οἶμαι</em></strong></span> <span class='ocrx_word' id='word_1_297' title='bbox 910 2876 1027 2944; x_wconf 85' lang='grc' dir='ltr'><strong><em>λοιπόν</em></strong></span> <span class='ocrx_word' id='word_1_298' title='bbox 1045 2868 1141 2956; x_wconf 83' lang='grc' dir='ltr'><strong><em>ἀλλης</em></strong></span> <span class='ocrx_word' id='word_1_299' title='bbox 1157 2877 1339 2946; x_wconf 69' lang='grc' dir='ltr'><strong><em>ἐπιδεῖσθαι</em></strong></span> 
     </span>
    </p>

    <p class='ocr_par' dir='ltr' id='par_1_30' title="bbox 238 2948 1338 3074">
     <span class='ocr_line' id='line_1_35' title="bbox 238 2948 1338 3074; baseline -0.002 -45"><span class='ocrx_word' id='word_1_300' title='bbox 238 2970 414 3050; x_wconf 89' lang='grc' dir='ltr'><strong><em>μαρτυρίας</em></strong></span> <span class='ocrx_word' id='word_1_301' title='bbox 435 2963 491 3030; x_wconf 87' lang='grc' dir='ltr'><strong><em>τὸν</em></strong></span> <span class='ocrx_word' id='word_1_302' title='bbox 511 2948 723 3045; x_wconf 65' lang='grc' dir='ltr'><strong><em>ὅἐἰσεβεῖν</em></strong></span> <span class='ocrx_word' id='word_1_303' title='bbox 710 2963 868 3048; x_wconf 88' lang='grc' dir='ltr'><strong><em>εγνωκότα</em></strong></span> <span class='ocrx_word' id='word_1_304' title='bbox 889 2963 972 3074; x_wconf 82' lang='grc' dir='ltr'><strong><em>πρὸς</em></strong></span> <span class='ocrx_word' id='word_1_305' title='bbox 994 2968 1176 3050; x_wconf 82' lang='grc' dir='ltr'><strong><em>φανέρωσιν</em></strong></span> <span class='ocrx_word' id='word_1_306' title='bbox 1195 2969 1249 3044; x_wconf 81' lang='grc' dir='ltr'><strong><em>τῆς</em></strong></span> <span class='ocrx_word' id='word_1_307' title='bbox 1266 2960 1338 3033; x_wconf 84' lang='grc' dir='ltr'><strong><em>κατά</em></strong></span> 
     </span>
    </p>

    <p class='ocr_par' dir='ltr' id='par_1_31' title="bbox 240 3047 1340 3162">
     <span class='ocr_line' id='line_1_36' title="bbox 240 3047 1340 3162; baseline -0.004 -45"><span class='ocrx_word' id='word_1_308' title='bbox 240 3049 458 3161; x_wconf 88' lang='grc' dir='ltr'><strong><em>Χριστιανοῦς</em></strong></span> <span class='ocrx_word' id='word_1_309' title='bbox 478 3047 607 3130; x_wconf 80' lang='grc' dir='ltr'><strong><em>ἀληθοῦς</em></strong></span> <span class='ocrx_word' id='word_1_310' title='bbox 628 3056 874 3162; x_wconf 83' lang='grc' dir='ltr'><strong><em>πεπιστευμένης</em></strong></span> <span class='ocrx_word' id='word_1_311' title='bbox 895 3048 1064 3162; x_wconf 74' lang='grc' dir='ltr'><strong><em>ἀληθείας,</em></strong></span> <span class='ocrx_word' id='word_1_312' title='bbox 1089 3055 1201 3157; x_wconf 80' lang='grc' dir='ltr'><strong><em>σαφοῦς</em></strong></span> <span class='ocrx_word' id='word_1_313' title='bbox 1215 3050 1340 3134; x_wconf 78' lang='grc' dir='ltr'><strong><em>μαθόν·</em></strong></span> 
     </span>
    </p>

    <p class='ocr_par' dir='ltr' id='par_1_32' title="bbox 79 3133 1340 3262">
     <span class='ocr_line' id='line_1_37' title="bbox 79 3133 1340 3262; baseline -0.009 -51"><span class='ocrx_word' id='word_1_314' title='bbox 79 3166 186 3262; x_wconf 53' lang='grc' dir='ltr'><strong><em>ἐμοι,</em></strong></span> <span class='ocrx_word' id='word_1_315' title='bbox 201 3165 232 3211; x_wconf 82' lang='lat'><strong><em>10.</em></strong></span> <span class='ocrx_word' id='word_1_316' title='bbox 240 3164 290 3215; x_wconf 91' lang='grc' dir='ltr'><strong><em>τες</em></strong></span> <span class='ocrx_word' id='word_1_317' title='bbox 312 3134 352 3202; x_wconf 79' lang='grc' dir='ltr'><strong><em>δι’</em></strong></span> <span class='ocrx_word' id='word_1_318' title='bbox 375 3133 469 3216; x_wconf 87' lang='grc' dir='ltr'><strong><em>αἰτής</em></strong></span> <span class='ocrx_word' id='word_1_319' title='bbox 492 3136 543 3203; x_wconf 83' lang='grc' dir='ltr'><strong><em>ὅτι</em></strong></span> <span class='ocrx_word' id='word_1_320' title='bbox 564 3143 618 3203; x_wconf 85' lang='grc' dir='ltr'><strong><em>καί</em></strong></span> <span class='ocrx_word' id='word_1_321' title='bbox 639 3142 716 3221; x_wconf 90' lang='grc' dir='ltr'><strong><em>μέλη</em></strong></span> <span class='ocrx_word' id='word_1_322' title='bbox 740 3143 793 3203; x_wconf 83' lang='grc' dir='ltr'><strong><em>καὶ</em></strong></span> <span class='ocrx_word' id='word_1_323' title='bbox 816 3142 909 3220; x_wconf 81' lang='grc' dir='ltr'><strong><em>σῶμα</em></strong></span> <span class='ocrx_word' id='word_1_324' title='bbox 930 3144 984 3202; x_wconf 87' lang='grc' dir='ltr'><strong><em>καί</em></strong></span> <span class='ocrx_word' id='word_1_325' title='bbox 1002 3136 1190 3220; x_wconf 87' lang='grc' dir='ltr'><strong><em>πλήρωμά</em></strong></span> <span class='ocrx_word' id='word_1_326' title='bbox 1175 3160 1272 3222; x_wconf 90' lang='grc' dir='ltr'><strong><em>εσμεν</em></strong></span> <span class='ocrx_word' id='word_1_327' title='bbox 1289 3139 1340 3202; x_wconf 88' lang='grc' dir='ltr'><strong><em>τοῦ</em></strong></span> 
     </span>
    </p>

    <p class='ocr_par' dir='ltr' id='par_1_33' title="bbox 106 3220 1342 3333">
     <span class='ocr_line' id='line_1_38' title="bbox 106 3220 1342 3333; baseline -0.003 -43"><span class='ocrx_word' id='word_1_328' title='bbox 106 3251 111 3263; x_wconf 87' lang='grc'>·</span> <span class='ocrx_word' id='word_1_329' title='bbox 201 3305 203 3310; x_wconf 89' lang='lat'>.</span> <span class='ocrx_word' id='word_1_330' title='bbox 240 3223 279 3290; x_wconf 85' lang='grc' dir='ltr'><strong><em>τά</em></strong></span> <span class='ocrx_word' id='word_1_331' title='bbox 300 3223 404 3288; x_wconf 91' lang='grc' dir='ltr'><strong><em>πάντα</em></strong></span> <span class='ocrx_word' id='word_1_332' title='bbox 426 3222 460 3287; x_wconf 87' lang='grc' dir='ltr'><strong><em>ἐν</em></strong></span> <span class='ocrx_word' id='word_1_333' title='bbox 481 3227 562 3290; x_wconf 88' lang='grc' dir='ltr'><strong><em>πάσι</em></strong></span> <span class='ocrx_word' id='word_1_334' title='bbox 561 3229 803 3332; x_wconf 88' lang='grc' dir='ltr'><strong><em>πληρουμένου</em></strong></span> <span class='ocrx_word' id='word_1_335' title='bbox 820 3228 988 3333; x_wconf 88' lang='grc' dir='ltr'><strong><em>Χριστοῦ</em></strong></span> <span class='ocrx_word' id='word_1_336' title='bbox 989 3227 1046 3288; x_wconf 90' lang='grc' dir='ltr'><strong><em>τοῦ</em></strong></span> <span class='ocrx_word' id='word_1_337' title='bbox 1067 3227 1165 3302; x_wconf 88' lang='grc' dir='ltr'><strong><em>θεοῦ,</em></strong></span> <span class='ocrx_word' id='word_1_338' title='bbox 1188 3223 1270 3291; x_wconf 84' lang='grc' dir='ltr'><strong><em>κατά</em></strong></span> <span class='ocrx_word' id='word_1_339' title='bbox 1289 3220 1342 3288; x_wconf 83' lang='grc' dir='ltr'><strong><em>τόν</em></strong></span> 
     </span>
    </p>

    <p class='ocr_par' dir='ltr' id='par_1_34' title="bbox 241 3306 1341 3421">
     <span class='ocr_line' id='line_1_39' title="bbox 241 3306 1341 3421; baseline -0.001 -45"><span class='ocrx_word' id='word_1_340' title='bbox 241 3310 305 3392; x_wconf 82' lang='grc' dir='ltr'><strong><em>πρὸ</em></strong></span> <span class='ocrx_word' id='word_1_341' title='bbox 328 3315 391 3376; x_wconf 87' lang='grc' dir='ltr'><strong><em>τών</em></strong></span> <span class='ocrx_word' id='word_1_342' title='bbox 411 3308 535 3373; x_wconf 82' lang='grc' dir='ltr'><strong><em>αἰώνων</em></strong></span> <span class='ocrx_word' id='word_1_343' title='bbox 558 3308 590 3373; x_wconf 89' lang='grc' dir='ltr'><strong><em>ἐν</em></strong></span> <span class='ocrx_word' id='word_1_344' title='bbox 612 3318 656 3399; x_wconf 79' lang='grc' dir='ltr'><strong><em>τῷ</em></strong></span> <span class='ocrx_word' id='word_1_345' title='bbox 682 3316 751 3421; x_wconf 78' lang='grc' dir='ltr'><strong><em>θεῷ</em></strong></span> <span class='ocrx_word' id='word_1_346' title='bbox 772 3317 826 3375; x_wconf 86' lang='grc' dir='ltr'><strong><em>καί</em></strong></span> <span class='ocrx_word' id='word_1_347' title='bbox 846 3316 945 3393; x_wconf 79' lang='grc' dir='ltr'><strong><em>πατρί</em></strong></span> <span class='ocrx_word' id='word_1_348' title='bbox 968 3306 1266 3420; x_wconf 82' lang='grc' dir='ltr'><strong><em>ἀποκεκρυμμένον</em></strong></span> <span class='ocrx_word' id='word_1_349' title='bbox 1272 3334 1341 3377; x_wconf 85' lang='grc' dir='ltr'><strong><em>σκο-</em></strong></span> 
     </span>
    </p>

    <p class='ocr_par' dir='ltr' id='par_1_35' title="bbox 241 3374 1346 3506">
     <span class='ocr_line' id='line_1_40' title="bbox 241 3374 1346 3506; baseline -0.003 -44"><span class='ocrx_word' id='word_1_350' title='bbox 241 3397 304 3462; x_wconf 87' lang='grc' dir='ltr'><strong><em>πδν</em></strong></span> <span class='ocrx_word' id='word_1_351' title='bbox 338 3374 667 3506; x_wconf 78' lang='grc' dir='ltr'><strong><em>ἀνακεφαλαιούμενίυι</em></strong></span> <span class='ocrx_word' id='word_1_352' title='bbox 697 3397 743 3472; x_wconf 86' lang='grc' dir='ltr'><strong><em>εἰς</em></strong></span> <span class='ocrx_word' id='word_1_353' title='bbox 773 3390 869 3461; x_wconf 86' lang='grc' dir='ltr'><strong><em>αῦτὸν</em></strong></span> <span class='ocrx_word' id='word_1_354' title='bbox 898 3397 950 3460; x_wconf 82' lang='grc' dir='ltr'><strong><em>διὰ</em></strong></span> <span class='ocrx_word' id='word_1_355' title='bbox 979 3400 1035 3462; x_wconf 91' lang='grc' dir='ltr'><strong><em>τοῦ</em></strong></span> <span class='ocrx_word' id='word_1_356' title='bbox 1064 3397 1136 3467; x_wconf 73' lang='grc' dir='ltr'><strong><em>υἱοῦ</em></strong></span> <span class='ocrx_word' id='word_1_357' title='bbox 1166 3392 1266 3462; x_wconf 87' lang='grc' dir='ltr'><strong><em>αιίτοῦ</em></strong></span> <span class='ocrx_word' id='word_1_358' title='bbox 1293 3418 1346 3461; x_wconf 79' lang='grc' dir='ltr'><strong><em>και</em></strong></span> 
     </span>
    </p>

    <p class='ocr_par' dir='ltr' id='par_1_36' title="bbox 241 3479 1343 3593">
     <span class='ocr_line' id='line_1_41' title="bbox 241 3479 1343 3593; baseline -0.004 -45"><span class='ocrx_word' id='word_1_359' title='bbox 241 3489 352 3593; x_wconf 89' lang='grc' dir='ltr'><strong><em>κυρίου</em></strong></span> <span class='ocrx_word' id='word_1_360' title='bbox 375 3479 481 3561; x_wconf 84' lang='grc' dir='ltr'><strong><em>ίησοῦ</em></strong></span> <span class='ocrx_word' id='word_1_361' title='bbox 501 3485 650 3592; x_wconf 83' lang='grc' dir='ltr'><strong><em>Χριστοῦ</em></strong></span> <span class='ocrx_word' id='word_1_362' title='bbox 680 3487 736 3547; x_wconf 87' lang='grc' dir='ltr'><strong><em>τοῦ</em></strong></span> <span class='ocrx_word' id='word_1_363' title='bbox 764 3479 888 3547; x_wconf 88' lang='grc' dir='ltr'><strong><em>θεοῦ</em></strong></span> <span class='ocrx_word' id='word_1_364' title='bbox 872 3480 969 3590; x_wconf 82' lang='grc' dir='ltr'><strong><em>ημῶν.</em></strong></span> <span class='ocrx_word' id='word_1_365' title='bbox 1016 3482 1064 3547; x_wconf 85' lang='grc' dir='ltr'><strong><em>Τό</em></strong></span> <span class='ocrx_word' id='word_1_366' title='bbox 1071 3480 1150 3592; x_wconf 82' lang='grc' dir='ltr'><strong><em>γάρ</em></strong></span> <span class='ocrx_word' id='word_1_367' title='bbox 1172 3480 1343 3567; x_wconf 85' lang='grc' dir='ltr'><strong><em>μυστήριον</em></strong></span> 
     </span>
    </p>

    <p class='ocr_par' dir='ltr' id='par_1_37' title="bbox 242 3565 1344 3655">
     <span class='ocr_line' id='line_1_42' title="bbox 242 3565 1344 3655; baseline -0.004 -21"><span class='ocrx_word' id='word_1_368' title='bbox 242 3569 277 3636; x_wconf 82' lang='grc' dir='ltr'><strong><em>τό</em></strong></span> <span class='ocrx_word' id='word_1_369' title='bbox 301 3567 580 3655; x_wconf 87' lang='grc' dir='ltr'><strong><em>ἀποκεκρυμμένον</em></strong></span> <span class='ocrx_word' id='word_1_370' title='bbox 600 3573 660 3652; x_wconf 79' lang='grc' dir='ltr'><strong><em>μὲν</em></strong></span> <span class='ocrx_word' id='word_1_371' title='bbox 681 3565 745 3633; x_wconf 80' lang='grc' dir='ltr'><strong><em>ἀπὸ</em></strong></span> <span class='ocrx_word' id='word_1_372' title='bbox 768 3574 829 3633; x_wconf 84' lang='grc' dir='ltr'><strong><em>τών</em></strong></span> <span class='ocrx_word' id='word_1_373' title='bbox 847 3565 972 3634; x_wconf 83' lang='grc' dir='ltr'><strong><em>αἰώνων</em></strong></span> <span class='ocrx_word' id='word_1_374' title='bbox 991 3574 1045 3634; x_wconf 86' lang='grc' dir='ltr'><strong><em>καὶ</em></strong></span> <span class='ocrx_word' id='word_1_375' title='bbox 1061 3565 1126 3634; x_wconf 86' lang='grc' dir='ltr'><strong><em>αἰπδ</em></strong></span> <span class='ocrx_word' id='word_1_376' title='bbox 1144 3571 1208 3633; x_wconf 88' lang='grc' dir='ltr'><strong><em>τιῦν</em></strong></span> <span class='ocrx_word' id='word_1_377' title='bbox 1222 3571 1344 3652; x_wconf 83' lang='grc' dir='ltr'><strong><em>γενεάν,</em></strong></span> 
     </span>
    </p>

    <p class='ocr_par' dir='ltr' id='par_1_38' title="bbox 242 3651 1345 3758">
     <span class='ocr_line' id='line_1_43' title="bbox 242 3651 1345 3758; baseline -0.003 -38"><span class='ocrx_word' id='word_1_378' title='bbox 242 3660 296 3721; x_wconf 90' lang='grc' dir='ltr'><strong><em>νῦν</em></strong></span> <span class='ocrx_word' id='word_1_379' title='bbox 317 3660 352 3721; x_wconf 86' lang='grc' dir='ltr'><strong><em>δέ</em></strong></span> <span class='ocrx_word' id='word_1_380' title='bbox 374 3658 570 3758; x_wconf 85' lang='grc' dir='ltr'><strong><em>φανερωθέν</em></strong></span> <span class='ocrx_word' id='word_1_381' title='bbox 585 3653 637 3718; x_wconf 84' lang='grc' dir='ltr'><strong><em>διά</em></strong></span> <span class='ocrx_word' id='word_1_382' title='bbox 661 3660 714 3733; x_wconf 76' lang='grc' dir='ltr'><strong><em>τῆς</em></strong></span> <span class='ocrx_word' id='word_1_383' title='bbox 737 3655 825 3720; x_wconf 77' lang='grc' dir='ltr'><strong><em>τοῦ6</em></strong></span> <span class='ocrx_word' id='word_1_384' title='bbox 825 3654 920 3719; x_wconf 71' lang='grc' dir='ltr'><strong><em>3υἱοῦ</em></strong></span> <span class='ocrx_word' id='word_1_385' title='bbox 941 3661 996 3720; x_wconf 90' lang='grc' dir='ltr'><strong><em>καί</em></strong></span> <span class='ocrx_word' id='word_1_386' title='bbox 1019 3659 1100 3720; x_wconf 88' lang='grc' dir='ltr'><strong><em>θεοῦ</em></strong></span> <span class='ocrx_word' id='word_1_387' title='bbox 1118 3651 1275 3735; x_wconf 82' lang='grc' dir='ltr'><strong><em>ἀληθινῆς</em></strong></span> <span class='ocrx_word' id='word_1_388' title='bbox 1294 3659 1345 3720; x_wconf 85' lang='grc' dir='ltr'><strong><em>καί</em></strong></span> 
     </span>
    </p>

    <p class='ocr_par' dir='ltr' id='par_1_39' title="bbox 82 3737 1346 3852">
     <span class='ocr_line' id='line_1_44' title="bbox 82 3737 1346 3852; baseline -0.007 -40"><span class='ocrx_word' id='word_1_389' title='bbox 82 3775 116 3814; x_wconf 79' lang='grc' dir='ltr'><strong><em>τι.</em></strong></span> <span class='ocrx_word' id='word_1_390' title='bbox 126 3776 166 3814; x_wconf 73' lang='grc' dir='ltr'><strong><em>ιιι.</em></strong></span> <span class='ocrx_word' id='word_1_391' title='bbox 174 3785 193 3822; x_wconf 67' lang='grc' dir='ltr'><strong><em>η</em></strong></span> <span class='ocrx_word' id='word_1_392' title='bbox 200 3770 233 3815; x_wconf 79' lang='grc' dir='ltr'><strong><em>ιο,</em></strong></span> <span class='ocrx_word' id='word_1_393' title='bbox 242 3748 363 3818; x_wconf 91' lang='grc' dir='ltr'><strong><em>τελείας</em></strong></span> <span class='ocrx_word' id='word_1_394' title='bbox 380 3739 667 3852; x_wconf 80' lang='grc' dir='ltr'><strong><em>ἐνανθρωπήσεως,</em></strong></span> <span class='ocrx_word' id='word_1_395' title='bbox 691 3745 748 3806; x_wconf 90' lang='grc' dir='ltr'><strong><em>τοῦ</em></strong></span> <span class='ocrx_word' id='word_1_396' title='bbox 766 3740 941 3817; x_wconf 83' lang='grc' dir='ltr'><strong><em>ἑνώσαντος</em></strong></span> <span class='ocrx_word' id='word_1_397' title='bbox 958 3740 1057 3829; x_wconf 85' lang='grc' dir='ltr'><strong><em>ἐαυτω</em></strong></span> <span class='ocrx_word' id='word_1_398' title='bbox 1043 3737 1183 3806; x_wconf 66' lang='grc' dir='ltr'><strong><em>καθΗ</em></strong></span> <span class='ocrx_word' id='word_1_399' title='bbox 1167 3737 1346 3808; x_wconf 88' lang='grc' dir='ltr'><strong><em>υπόστασιν</em></strong></span> 
     </span>
    </p>

    <p class='ocr_par' dir='ltr' id='par_1_40' title="bbox 52 3823 1347 3939">
     <span class='ocr_line' id='line_1_45' title="bbox 52 3823 1347 3939; baseline -0.001 -45"><span class='ocrx_word' id='word_1_400' title='bbox 52 3844 56 3849; x_wconf 88' lang='grc'><strong>’</strong></span> <span class='ocrx_word' id='word_1_401' title='bbox 243 3826 430 3936; x_wconf 86' lang='grc' dir='ltr'><strong><em>ἀδιαιρέτως</em></strong></span> <span class='ocrx_word' id='word_1_402' title='bbox 457 3833 566 3892; x_wconf 87' lang='grc' dir='ltr'><strong><em>τεκαί</em></strong></span> <span class='ocrx_word' id='word_1_403' title='bbox 590 3825 772 3939; x_wconf 79' lang='grc' dir='ltr'><strong><em>ἀσυγχύτως</em></strong></span> <span class='ocrx_word' id='word_1_404' title='bbox 793 3827 847 3907; x_wconf 85' lang='grc' dir='ltr'><strong><em>τήν</em></strong></span> <span class='ocrx_word' id='word_1_405' title='bbox 870 3824 1023 3914; x_wconf 71' lang='grc' dir='ltr'><strong><em>ἡμετέραν</em></strong></span> <span class='ocrx_word' id='word_1_406' title='bbox 1040 3828 1160 3939; x_wconf 81' lang='grc' dir='ltr'><strong><em>φύσιν,</em></strong></span> <span class='ocrx_word' id='word_1_407' title='bbox 1192 3833 1247 3893; x_wconf 86' lang='grc' dir='ltr'><strong><em>καί</em></strong></span> <span class='ocrx_word' id='word_1_408' title='bbox 1270 3823 1347 3911; x_wconf 83' lang='grc' dir='ltr'><strong><em>ήμῦς</em></strong></span> 
     </span>
    </p>

    <p class='ocr_par' dir='ltr' id='par_1_41' title="bbox 243 3909 1346 4024">
     <span class='ocr_line' id='line_1_46' title="bbox 243 3909 1346 4024; baseline 0 -45"><span class='ocrx_word' id='word_1_409' title='bbox 243 3913 296 3979; x_wconf 84' lang='grc' dir='ltr'><strong><em>διά</em></strong></span> <span class='ocrx_word' id='word_1_410' title='bbox 317 3921 373 3992; x_wconf 81' lang='grc' dir='ltr'><strong><em>τῆς</em></strong></span> <span class='ocrx_word' id='word_1_411' title='bbox 395 3909 466 3989; x_wconf 72' lang='grc' dir='ltr'><strong><em>ἐξε</em></strong></span> <span class='ocrx_word' id='word_1_412' title='bbox 450 3917 538 4024; x_wconf 89' lang='grc' dir='ltr'><strong><em>ημών</em></strong></span> <span class='ocrx_word' id='word_1_413' title='bbox 558 3920 613 3978; x_wconf 89' lang='grc' dir='ltr'><strong><em>καί</em></strong></span> <span class='ocrx_word' id='word_1_414' title='bbox 635 3910 798 4023; x_wconf 81' lang='grc' dir='ltr'><strong><em>ήμετέρας</em></strong></span> <span class='ocrx_word' id='word_1_415' title='bbox 807 3919 924 3998; x_wconf 89' lang='grc' dir='ltr'><strong><em>νοεριῦς</em></strong></span> <span class='ocrx_word' id='word_1_416' title='bbox 946 3939 979 3979; x_wconf 91' lang='grc' dir='ltr'><strong><em>τε</em></strong></span> <span class='ocrx_word' id='word_1_417' title='bbox 997 3940 1051 3979; x_wconf 93' lang='grc' dir='ltr'><strong><em>και</em></strong></span> <span class='ocrx_word' id='word_1_418' title='bbox 1040 3913 1237 3997; x_wconf 80' lang='grc' dir='ltr'><strong><em>λογικώς’</em></strong></span> <span class='ocrx_word' id='word_1_419' title='bbox 1222 3931 1346 3999; x_wconf 75' lang='grc' dir='ltr'><strong><em>εφυχω·</em></strong></span> 
     </span>
    </p>

    <p class='ocr_par' dir='ltr' id='par_1_42' title="bbox 241 3995 1347 4113">
     <span class='ocr_line' id='line_1_47' title="bbox 241 3995 1347 4113; baseline -0.003 -47"><span class='ocrx_word' id='word_1_420' title='bbox 241 4004 336 4085; x_wconf 89' lang='grc' dir='ltr'><strong><em>μένης</em></strong></span> <span class='ocrx_word' id='word_1_421' title='bbox 363 3995 456 4083; x_wconf 83' lang='grc' dir='ltr'><strong><em>ἀγίας</em></strong></span> <span class='ocrx_word' id='word_1_422' title='bbox 484 3997 583 4066; x_wconf 86' lang='grc' dir='ltr'><strong><em>αἰτοῦ</em></strong></span> <span class='ocrx_word' id='word_1_423' title='bbox 611 4003 750 4113; x_wconf 82' lang='grc' dir='ltr'><strong><em>σαρκὸς,</em></strong></span> <span class='ocrx_word' id='word_1_424' title='bbox 776 4001 878 4109; x_wconf 74' lang='grc' dir='ltr'><strong><em>ὥςπερ</em></strong></span> <span class='ocrx_word' id='word_1_425' title='bbox 908 3997 948 4065; x_wconf 92' lang='grc' dir='ltr'><strong><em>δι</em></strong></span> <span class='ocrx_word' id='word_1_426' title='bbox 977 3997 1149 4112; x_wconf 84' lang='grc' dir='ltr'><strong><em>ἀπαρχής</em></strong></span> <span class='ocrx_word' id='word_1_427' title='bbox 1145 3999 1250 4109; x_wconf 75' lang='grc' dir='ltr'><strong><em>ἐαυτῷ</em></strong></span> <span class='ocrx_word' id='word_1_428' title='bbox 1269 4023 1347 4110; x_wconf 86' lang='grc' dir='ltr'><strong><em>συμ-</em></strong></span> 
     </span>
    </p>

    <p class='ocr_par' dir='ltr' id='par_1_43' title="bbox 210 4080 1349 4174">
     <span class='ocr_line' id='line_1_48' title="bbox 210 4080 1349 4174; baseline -0.002 -24"><span class='ocrx_word' id='word_1_429' title='bbox 210 4117 212 4121; x_wconf 54' lang='grc'>’</span> <span class='ocrx_word' id='word_1_430' title='bbox 242 4089 440 4170; x_wconf 82' lang='grc' dir='ltr'><strong><em>πηξαμένου,</em></strong></span> <span class='ocrx_word' id='word_1_431' title='bbox 468 4093 523 4151; x_wconf 87' lang='grc' dir='ltr'><strong><em>καὶ</em></strong></span> <span class='ocrx_word' id='word_1_432' title='bbox 550 4087 585 4152; x_wconf 77' lang='grc' dir='ltr'><strong><em>ἐν</em></strong></span> <span class='ocrx_word' id='word_1_433' title='bbox 614 4093 667 4152; x_wconf 87' lang='grc' dir='ltr'><strong><em>καί</em></strong></span> <span class='ocrx_word' id='word_1_434' title='bbox 694 4084 808 4152; x_wconf 84' lang='grc' dir='ltr'><strong><em>ταύτόν</em></strong></span> <span class='ocrx_word' id='word_1_435' title='bbox 830 4087 932 4174; x_wconf 79' lang='grc' dir='ltr'><strong><em>ἐαυτῷ</em></strong></span> <span class='ocrx_word' id='word_1_436' title='bbox 960 4080 1042 4151; x_wconf 88' lang='grc' dir='ltr'><strong><em>εἰναι</em></strong></span> <span class='ocrx_word' id='word_1_437' title='bbox 1070 4085 1151 4151; x_wconf 83' lang='grc' dir='ltr'><strong><em>κατά</em></strong></span> <span class='ocrx_word' id='word_1_438' title='bbox 1174 4084 1230 4166; x_wconf 80' lang='grc' dir='ltr'><strong><em>τήν</em></strong></span> <span class='ocrx_word' id='word_1_439' title='bbox 1252 4083 1349 4151; x_wconf 79' lang='grc' dir='ltr'><strong><em>αἰτοῦ</em></strong></span> 
     </span>
    </p>
   </div>
   <div class='ocr_carea' id='block_1_10' title="bbox 312 4287 837 4354">
    <p class='ocr_par' dir='ltr' id='par_1_44' title="bbox 312 4287 837 4354">
     <span class='ocr_line' id='line_1_49' title="bbox 312 4287 837 4354; baseline -0.004 -9"><span class='ocrx_word' id='word_1_440' title='bbox 312 4293 354 4345; x_wconf 79' lang='grc'><strong><em>60.</em></strong></span> <span class='ocrx_word' id='word_1_441' title='bbox 374 4287 478 4350; x_wconf 81' lang='grc' dir='ltr'><strong><em>παντὸς</em></strong></span> <span class='ocrx_word' id='word_1_442' title='bbox 495 4291 543 4354; x_wconf 78' lang='grc' dir='ltr'><strong><em>τῆς</em></strong></span> <span class='ocrx_word' id='word_1_443' title='bbox 560 4290 703 4354; x_wconf 77' lang='grc' dir='ltr'><strong><em>ἐκκλησίας</em></strong></span> <span class='ocrx_word' id='word_1_444' title='bbox 720 4293 760 4342; x_wconf 79' lang='lat' dir='ltr'><strong><em>ed.</em></strong></span> <span class='ocrx_word' id='word_1_445' title='bbox 781 4290 837 4343; x_wconf 77' lang='lat' dir='ltr'><strong>Gal.</strong></span> 
     </span>
    </p>
   </div>
   <div class='ocr_carea' id='block_1_11' title="bbox 0 0 1396 4778">
    <p class='ocr_par' dir='ltr' id='par_1_45' title="bbox 0 0 1396 4778">
     <span class='ocr_line' id='line_1_50' title="bbox 0 0 1396 4778; baseline 0 0"><span class='ocrx_word' id='word_1_446' title='bbox 0 0 1396 4778; x_wconf 95' lang='lat' dir='ltr'><strong><em> </em></strong></span> 
     </span>
    </p>
   </div>
  </div>
 </body>
</html>
