2768 4784
1091 207 1163 283 213

57 384 207 463 qualitatis
235 386 328 465 plana
354 403 484 465 expers3
516 387 670 464 qualitatis
699 384 803 450 autem
824 390 915 466 plane
938 406 1065 468 expers,
1095 395 1166 469 quia

61 474 230 535 alumniao
251 474 399 552 simplex3
435 475 565 574 simplex
588 479 691 535 autem
715 475 822 552 plane,
854 477 936 553 quod
959 480 1081 539 omnino
1104 497 1166 541 non

64 560 163 636 distat3
192 559 287 623 distat
308 566 411 624 autem
434 562 557 623 omuino
576 561 656 637 qaod
677 578 803 637 prorsus
820 558 959 625 infinitus
974 571 1038 640 est;
1067 567 1165 627 intini-

66 652 108 709 ius
126 652 227 709 aulam
245 654 295 711 est
311 664 456 724 prorsus,
480 649 561 722 quod
581 653 611 709 et
628 665 755 725 prorsus
773 650 947 710 immobilis
958 653 1164 735 (nequaquam

68 734 137 795 enlm
157 739 297 796 movetur
319 735 400 811 quod
423 750 484 794 non
507 735 601 795 habet
622 736 675 795 ubi
698 730 889 815 moveatur);
925 738 1087 799 immobilis
1111 755 1165 799 an-

68 819 247 899 templana,
278 821 365 898 quod
388 826 418 882 et
446 822 529 881 initio
559 822 683 881 omnino
714 828 797 883 caret
825 822 911 897 (nihil
934 826 1013 884 enim
1035 832 1108 886 ante
1130 841 1165 885 se

69 905 148 985 labat
174 922 232 969 seu
254 909 370 979 maius,
405 907 481 968 nihil
504 923 574 967 cum
597 924 630 968 se
652 908 720 982 ipso
743 925 800 969 seu
823 909 966 985 aequale,
1000 912 1073 970 nihil
1096 918 1166 988 post

70 994 255 1070 seqandas
283 993 412 1055 conferri
442 999 495 1054 aut
522 1009 645 1070 capere.
660 996 759 1070 ipsum
787 997 913 1071 possit);
951 996 1035 1057 initio
1063 1003 1164 1059 autem

70 1080 176 1141 anaim
205 1085 307 1158 caret,
338 1079 418 1155 quod
449 1085 479 1141 et
500 1081 655 1158 ingenitus
677 1087 725 1141 est
745 1081 854 1156 plane,
884 1083 1039 1158 ingenitus
1062 1089 1164 1144 autent

68 1165 159 1242 plana,
188 1166 270 1243 quod
298 1172 330 1229 ei
359 1167 483 1227 omniuo
511 1183 592 1227 unus
622 1173 652 1227 et
674 1168 777 1242 solus;
811 1183 893 1227 unus
915 1174 1019 1228 autem
1042 1171 1164 1230 omnino

68 1251 213 1329 attolus,
250 1252 330 1329 quod
360 1258 390 1314 ei
419 1253 543 1314 omnino
573 1257 656 1314 caret
683 1253 843 1314 affectione
874 1258 905 1314 ct
932 1255 1096 1330 relatione,
1134 1261 1165 1316 et

69 1339 318 1416 obbac'penitus
340 1338 501 1401 ineffabilis
524 1345 554 1399 et
576 1341 767 1418 incognitus,
803 1341 963 1415 omnisque
986 1358 1089 1401 eanum
1114 1343 1165 1417 qui

67 1426 147 1501 proba
178 1431 209 1486 et
237 1427 296 1487 deo
327 1427 542 1486 convenienter
570 1426 608 1485 ad
640 1442 710 1486 eum
740 1433 956 1503 promoventur
983 1428 1163 1506 cognitionis

67 1511 122 1571 iuis
142 1512 267 1585 unicus,
297 1516 327 1572 et
348 1514 471 1572 unicam
495 1513 700 1589 cognitionem
724 1529 827 1574 veram
851 1513 969 1575 habens
992 1531 1059 1574 earn
1084 1514 1165 1589 quod

66 1614 117 1658 non
137 1600 237 1673 possit
256 1600 412 1677 cognosci.

65 1762 113 1841 Ex
139 1768 270 1844 eodem
295 1792 462 1843 sermone
494 1769 533 1841 in
563 1768 679 1862 illud,
715 1767 829 1862 ,Nam
851 1771 883 1844 si
905 1771 945 1845 id
965 1771 1065 1870 quod
1090 1795 1165 1844 non

107 1880 158 1944 est
178 1896 362 1972 nusquam
384 1881 455 1964 est,
483 1897 530 1945 ne
552 1880 606 1946 esi
628 1872 779 1971 quidem
800 1875 965 1947 fortasse.
1006 1871 1164 1964 Quodsi

105 1972 242 2050 alicubi
269 2000 347 2050 esse
370 1975 527 2067 dixeris,
562 1975 828 2073 proculdubio,
863 1972 1164 2075 quandoquidem

106 2086 177 2171 asi,
202 2078 267 2154 vel
286 2079 327 2153 in
348 2078 522 2153 universo
547 2087 618 2171 est,
646 2079 709 2153 vel
734 2103 845 2177 supra
864 2080 1103 2154 universum!

157 2210 225 2285 Qua
255 2211 293 2272 de
323 2228 436 2283 cansa,
473 2212 602 2272 audiens
630 2210 761 2272 fortasse
794 2212 923 2289 inquiet,
958 2213 1162 2272 inversionem

64 2298 214 2375 ancipitem
243 2299 391 2378 magister
418 2299 538 2374 posuit,
568 2297 672 2358 addito
701 2297 863 2374 ,fortasse‘
894 2297 1059 2359 adverbio?
1093 2314 1161 2357 cum

62 2380 95 2443 le
121 2385 321 2446 rationalibus
352 2385 615 2462 suppositionibus
644 2400 734 2444 nemo
765 2400 826 2444 non
856 2384 973 2446 dubitet
1003 2386 1076 2460 quin
1098 2385 1162 2444 iure

62 2472 176 2531 omuino
203 2471 390 2534 concedatur
412 2471 442 2530 id
468 2488 528 2531 non
554 2487 624 2531 esse
648 2470 728 2545 quod
752 2486 905 2546 nusquam
928 2473 976 2532 sit.
1033 2472 1085 2531 Cui
1107 2486 1162 2546 pro

63 2556 141 2618 axilis
168 2540 294 2619 nostrae
322 2558 549 2636 intellegentiae
579 2557 749 2657 indigentia
778 2557 1046 2645 respondebimus,
1082 2556 1165 2632 quod

63 2639 191 2707 lluuumii
220 2647 350 2720 eiusque
379 2644 612 2720 discipulorum,
644 2644 694 2719 qul
723 2634 812 2705 deum
841 2648 876 2704 ui
904 2646 970 2721 ipse
998 2661 1033 2704 se
1061 2645 1163 2719 ipsum

61 2744 146 2793 nassa
164 2732 331 2807 lactarent,
362 2732 515 2791 insaniam
538 2746 678 2791 coercere
702 2730 831 2791 studens
853 2737 976 2808 propter
998 2731 1075 2790 tales
1099 2746 1164 2790 ser·

60 2832 159 2879 inanes
180 2818 213 2877 in
235 2775 381 2895 placitam
404 2817 570 2878 absurdum
593 2816 719 2894 redegit.
772 2816 833 2877 Aut
855 2820 951 2894 anim,
980 2833 1051 2877 eum
1073 2816 1164 2878 deum

26 2904 31 2911 '
60 2898 199 2980 tauquam
227 2905 295 2981 ipse
324 2921 359 2965 se
387 2903 488 2979 ipsum
519 2920 612 2964 nosse
637 2903 742 2963 dicunt
764 2907 975 2965 necessarium
996 2904 1087 2980 plane
1109 2903 1164 2963 ha-

60 2988 140 3062 lant,
167 2995 203 3051 ui
231 2993 323 3051 etiam
351 2990 404 3050 ubl
434 2991 473 3049 sit
495 3003 586 3064 quern
607 2991 708 3049 norint
730 2990 787 3065 ipsi
810 2989 958 3061 adiciant,
988 2990 1017 3048 in
1040 2990 1163 3064 plenam

59 3076 167 3155 cogniti
194 3076 518 3152 comprehensionem,
551 3079 582 3136 et
601 3077 644 3136 ita
667 3074 741 3134 nihil
765 3077 887 3136 omniuo
910 3078 947 3135 ab
970 3076 1164 3135 existentium

58 3161 115 3226 ullo
147 3163 317 3223 meandum
346 3164 431 3240 ipsos
454 3158 540 3223 'deus
571 3161 682 3236 differi,
720 3163 786 3237 ipse
813 3162 880 3222 loco
910 3162 1164 3237 circumscriptus,

57 3262 114 3325 quo
141 3248 217 3309 nihil
239 3248 403 3310 absurdius
424 3248 517 3309 foret:
548 3252 618 3319 aut,
649 3250 674 3307 si
697 3264 766 3308 earn
790 3245 948 3323 nusquam
967 3247 1016 3308 vel
1038 3262 1165 3322 prorsus

57 3352 115 3399 non
136 3336 444 3407 existerestatuunt,
467 3334 636 3395 secundum
655 3336 751 3411 ipsius
769 3336 894 3395 rationis
913 3334 1165 3411 suppositionem,

56 3422 126 3499 quid
158 3422 237 3483 iuret
269 3423 368 3500 magis
401 3419 548 3496 implumi
585 3421 752 3503 (quomodo
786 3423 868 3481 enim
896 3425 1104 3497 comparatum
1135 3424 1165 3478 et

56 3507 126 3585 quid
146 3514 232 3569 esaei
254 3509 334 3583 quod
357 3507 611 3567 omuino-alicubi
635 3524 705 3568 esse
728 3523 791 3568 non
812 3506 978 3588 habereti)
1009 3505 1165 3582 autplana

56 3596 232 3658 necessario
254 3610 326 3656 esse
349 3610 419 3655 eum
441 3593 568 3654 rationis
592 3595 810 3670 consequentia
833 3600 967 3655 statuere
986 3593 1056 3653 illos
1076 3592 1164 3668 cogit,

54 3687 259 3758 quosquam
283 3697 370 3757 esse,
400 3693 517 3756 perque
539 3680 599 3741 hoc
622 3697 692 3741 esse
714 3680 836 3756 quidem
860 3685 890 3739 et
912 3681 1044 3741 existere
1062 3678 1164 3754 deum,

55 3767 126 3844 quid
148 3773 254 3830 autem
276 3767 316 3827 sit
337 3771 368 3826 et
390 3767 502 3826 existat
524 3783 559 3826 se
582 3782 642 3825 non
664 3783 789 3826 nosse.
822 3764 855 3825 Si
877 3768 957 3825 enim
979 3766 1104 3847 ubinam
1126 3764 1166 3823 sit

54 3855 131 3917 daus
160 3854 295 3933 ignorari
325 3856 478 3927 statuunt,
513 3853 607 3913 multo
637 3855 735 3931 magis
769 3853 870 3928 ipsum
892 3868 1007 3913 numen
1031 3852 1165 3911 divinum

55 3939 202 4027 quidnam
225 3939 393 4000 secundum
417 3941 584 4000 essentiam
608 3940 664 4017 sit,
691 3940 888 4016 ignorabitur.
947 3938 1047 4011 Quare
1070 3938 1096 3996 si
1118 3953 1168 3997 re·

54 4022 164 4107 ligloa'e
187 4031 219 4087 at
240 4026 289 4103 pie
312 4041 404 4104 agere
426 4025 532 4086 volant
520 4031 548 4100 t,
581 3985 664 4102 quod
684 4026 842 4104 ignoratur
864 4041 922 4084 nec
943 4040 1075 4099 usquam
1095 4039 1166 4084 esse

55 4116 180 4175 omnino
203 4114 376 4174 consentire
397 4112 560 4173 debebunt.
607 4111 651 4173 De
673 4112 748 4182 bac,
771 4119 806 4172 ut
827 4112 971 4182 arbitror,
995 4125 1090 4171 causa
1106 4109 1168 4170 Eu·

55 4200 208 4263 uomlauls
231 4201 421 4277 morigerans
444 4200 618 4259 inversione
641 4215 694 4259 eos
716 4198 814 4259 induit
834 4200 993 4276 magister,
1023 4197 1167 4257 adverbio

10 4290 12 4325 ³
56 4286 223 4361 ‚iactasset
248 4289 365 4364 posito,
395 4287 545 4362 nobisque
568 4285 823 4347 considerandum
846 4286 982 4361 reliquit,
1009 4284 1090 4360 quod
1113 4298 1168 4342 ne-

56 4388 210 4452 quaquam
238 4373 269 4433 iti
301 4372 380 4449 quad
413 4386 565 4449 nusquam
596 4373 709 4434 existat
737 4372 861 4434 omnino
890 4373 1023 4434 existere
1053 4367 1168 4446 negati
