2768 4784
1178 238 1250 313 387

122 435 233 496 quarn
273 426 452 495 praesentes
488 426 517 478 at
553 421 684 489 laturas,
725 421 867 480 iudicium
904 421 1041 482 vindicat
1073 424 1250 498 pravitatem

122 508 316 582 castigans,
351 507 384 565 m
414 513 446 564 ut
474 509 564 565 etiam
597 509 664 580 ipsa
694 506 805 565 habeat
833 506 980 581 triplicem
1005 523 1093 568 suam
1117 513 1252 569 contem·

122 592 286 669 [flationis
316 593 479 664 rationem,
511 607 570 666 qua
600 592 671 652 dum
702 593 868 651 essentiam
892 599 921 652 et
944 593 1117 654 facultatem
1142 600 1171 654 at
1194 597 1253 653 vir·

122 685 238 741 tutem
261 693 462 752 rerumquae
486 678 621 736 existunt
644 675 762 750 delinit,
787 691 875 738 suam
900 680 929 738 in
950 687 1129 755 perpetuum
1149 684 1253 740 servat

122 763 329 824 intinitatem.

126 929 229 1005 Alia
251 930 520 1028 contemplatio
563 915 567 920 ¹

249 1064 304 1125 Vel
327 1079 433 1124 rursus
457 1064 639 1138 perfectam,
664 1080 754 1138 quam
779 1065 865 1123 rrobis
888 1065 1014 1139 assequi
1031 1064 1118 1134 licet,
1140 1080 1252 1125 causae

130 1160 167 1213 et·
200 1168 305 1212 eorum
336 1166 415 1224 quae
443 1166 480 1209 ex
504 1149 561 1208 alio
586 1156 730 1223 tanquam
753 1165 791 1208 ex
815 1165 909 1210 causo
932 1150 1101 1225 procedunt
1123 1151 1252 1226 agnitio·

129 1255 210 1301 nem
235 1238 291 1297 istc
315 1232 467 1296 numerus
484 1237 644 1312 significat.
691 1234 801 1294 Deoadi
825 1238 905 1295 enim
928 1234 1004 1310 dyas
1027 1236 1145 1296 adlecta
1163 1235 1252 1296 eflicit

129 1322 192 1385 ΧΠ
223 1339 402 1383 arianarum:
438 1323 530 1380 decas
562 1338 631 1381 vero
655 1328 701 1379 est
724 1319 810 1381 lesus
834 1323 976 1382 dominos
1000 1329 1030 1381 et
1051 1321 1128 1382 deus
1150 1337 1251 1382 rerum

131 1413 371 1478 universarum,
400 1408 509 1482 quippe
540 1409 588 1481 qui
619 1410 657 1466 ab
687 1406 816 1467 monade
847 1424 1046 1484 progressus,
1079 1409 1122 1466 sic
1149 1414 1250 1468 tamen

132 1504 171 1558 ut
205 1497 288 1556 foras
318 1511 379 1554 non
409 1495 522 1562 exiret,
557 1494 595 1551 ad
625 1509 695 1552 sese
719 1495 816 1568 ipsum
841 1510 946 1553 rursus
970 1499 1000 1552 et
1022 1492 1183 1553 monadem
1206 1509 1253 1553 re·

134 1584 240 1643 vertit.
292 1581 397 1640 Monas
428 1581 508 1638 enim
538 1581 630 1638 etiam
660 1579 754 1640 decas
785 1586 848 1652 est,
883 1587 913 1639 et
935 1586 1080 1653 tanquam
1104 1581 1259 1640 terminus,

133 1685 248 1730 eorum
271 1683 350 1740 quae
373 1666 517 1725 liniuntur
539 1671 568 1724 et
591 1666 822 1739 comprehensio
845 1682 883 1726 aa
905 1667 1031 1724 munitio
1049 1682 1155 1726 eorum
1174 1682 1251 1741 quae

134 1757 304 1817 flectuntur
336 1769 371 1811 ac
399 1758 477 1811 meta
508 1753 608 1811 omnis
637 1751 844 1813 arithmeticae
873 1752 1103 1813 terminationis.
1154 1755 1252 1827 Atque

134 1843 220 1917 dyas
244 1855 349 1898 rursus
375 1844 422 1897 est
443 1839 542 1896 omnis
566 1853 671 1897 eorum
694 1853 773 1912 quae
797 1843 866 1913 post
888 1838 979 1898 deum
999 1846 1072 1899 sunt
1088 1853 1252 1916 coagmen-

135 1928 226 1989 tatio.
268 1923 317 1984 Sie
335 1923 491 1983 sensibilia
513 1929 640 1997 cunata,
658 1929 697 1982 «ut
718 1924 757 1982 de
780 1925 906 1983 materia
930 1940 966 1982 ac
988 1924 1085 1983 forma
1107 1930 1253 1984 constan-

135 2016 200 2087 tia,
227 2011 302 2087 dyas
322 2014 409 2080 sunt,
434 2014 464 2068 et
480 2008 696 2068 intellectualia
719 2011 805 2078 item,
830 2009 867 2068 de
888 2009 1046 2083 potestatis
1069 2014 1100 2068 ct
1119 2010 1185 2068 eius
1202 2011 1252 2083 qut

136 2099 192 2159 illa
211 2090 415 2157 essentialiter
432 2095 541 2155 lorrnat
561 2097 807 2171 congregatione.
848 2093 1048 2169 Nequaquam
1070 2095 1149 2152 enim
1171 2093 1252 2169 quod

136 2186 254 2245 factum
285 2189 332 2242 est
359 2181 487 2256 simplex
520 2190 581 2255 est,
614 2197 650 2241 eo
682 2181 761 2255 quod
793 2198 852 2239 non
884 2179 943 2240 troc
972 2179 1072 2239 solum
1100 2178 1149 2238 vel
1178 2178 1252 2238 iliud

137 2277 205 2342 est,
231 2269 284 2329 sed
308 2275 453 2343 tanquam
478 2268 506 2324 in
531 2269 668 2327 subiecto
690 2268 844 2326 essentiae
868 2265 962 2326 habet
983 2281 1045 2325 una
1066 2264 1251 2325 cernendam

136 2366 204 2417 tam
229 2355 453 2416 constitutivam
478 2369 568 2427 quam
592 2353 774 2412 definitivam
798 2350 1013 2421 differentiam,
1049 2367 1128 2426 quae
1150 2353 1251 2426 ipsum

136 2442 216 2503 illud
248 2442 427 2509 constituat,
461 2440 622 2514 ipsumque
651 2441 689 2498 ab
720 2440 779 2498 alio
802 2438 959 2499 evidenter
980 2445 1129 2497 secernat.
1174 2434 1251 2494 Nihil

138 2527 349 2601 autem-quod
375 2524 577 2600 qualicunque
600 2523 690 2584 ruodo
714 2540 789 2584 suae
809 2525 990 2585 existentiae
1009 2521 1252 2582 manifestandae

138 2630 241 2677 causa
269 2611 473 2673 essentialiter
501 2611 613 2684 aliquid
646 2609 724 2685 quod
752 2611 842 2670 simul
865 2611 998 2670 cernitur
1019 2608 1111 2669 habet
1133 2610 1253 2684 proprie

138 2699 273 2776 simplex
298 2715 369 2758 esse
391 2702 500 2774 potest.

138 2864 231 2940 Alia
251 2863 522 2961 contemplatio.

251 2996 305 3059 Vel
327 3013 434 3057 rursus
458 2997 590 3057 divinam
615 2998 779 3057 essentiam
800 2998 850 3057 hic
873 3013 1032 3072 numerus,
1067 3003 1097 3057 et
1120 2998 1253 3057 alacrem

140 3085 211 3146 eius
235 3084 273 3143 ad
296 3082 448 3161 agendum
471 3085 609 3143 virtutem
634 3082 753 3143 occulte
774 3081 930 3158 significat.
978 3080 1114 3142 Divinam
1133 3081 1254 3156 quidem

140 3170 327 3244 essentiam,
357 3176 495 3245 perires
520 3184 680 3229 numerum
702 3168 883 3241 indicatam,
913 3173 947 3226 ut
966 3166 1071 3243 triplici
1091 3166 1181 3227 modo
1205 3183 1255 3227 oe·

140 3257 293 3317 lebratam
317 3262 439 3330 propter
461 3255 626 3314 extantiarn
650 3258 782 3330 perires
802 3253 1007 3326 substantias3
1036 3253 1155 3312 trinitas
1175 3255 1254 3313 enim

140 3349 193 3406 est
215 3342 317 3403 unitas
339 3347 373 3400 ut
394 3343 424 3401 in
449 3341 588 3416 perfectis
613 3340 793 3401 substantiis
815 3341 884 3415 ipsa
907 3337 1058 3414 perfecta,
1088 3337 1117 3398 id
1136 3345 1186 3398 est
1203 3355 1256 3399 ex-

141 3429 262 3490 tantiae
290 3427 396 3501 modo,
427 3433 456 3487 et
486 3427 587 3487 unitas
619 3427 737 3488 trinitas
768 3441 839 3488 vere
870 3430 917 3486 est
945 3425 1117 3494 esseutiae,
1147 3424 1177 3484 id
1206 3431 1255 3486 est

142 3511 297 3577 existendi
333 3510 461 3573 ratione.
525 3512 664 3573 alacrem
695 3528 767 3572 vero
798 3511 910 3588 agendi
938 3511 1076 3570 virtutem
1107 3509 1257 3586 significat

141 3615 199 3678 per
229 3615 284 3659 sex
314 3615 472 3661 nurnerum
504 3596 685 3669 indicatam,
720 3603 755 3658 ot
784 3599 833 3672 qui
867 3597 952 3656 solus
986 3596 1065 3656 intra
1098 3594 1256 3655 denarium

142 3701 307 3747 numerum
336 3685 489 3760 perfectus
518 3700 555 3744 ac
584 3684 695 3759 plenus
726 3689 790 3754 est,
829 3689 860 3742 el
888 3698 928 3742 ex
960 3681 1089 3757 propriis
1119 3681 1256 3756 partibus

144 3776 284 3849 constat,
313 3772 425 3846 quique
456 3785 561 3831 rursus
591 3775 652 3829 lam
675 3768 837 3848 generales
861 3783 950 3842 quam
973 3765 1152 3842 inaequales
1175 3781 1258 3827 aom-

143 3855 307 3937 prelrendit
340 3873 501 3929 numeros,
538 3871 643 3931 parem
677 3857 800 3930 inquam
835 3861 865 3914 et
898 3854 1061 3928 imparem,
1097 3855 1129 3911 ut
1158 3852 1256 3928 ipsam

144 3958 270 4020 quoque
305 3942 402 4002 solam
440 3942 604 4018 perfectam
639 3946 669 4000 et
703 3940 919 4015 perfectorum,
959 3936 1128 3998 secundnm
1166 3950 1257 4011 quara

144 4034 222 4093 sunt
242 4030 407 4101 rationem,
437 4034 468 4089 et
490 4027 689 4104 operatricem
712 4032 742 4086 et
764 4025 1029 4086 conservatricem.
1082 4021 1258 4097 inaequalia

144 4117 229 4177 enim
266 4121 338 4176 sant
376 4130 454 4190 quae
491 4115 568 4173 inter
603 4113 811 4174 extremitates
849 4113 1002 4172 motantur
1029 4107 1068 4168 ad
1097 4108 1257 4169 stationem
1351 4183 1355 4189 .

146 4203 375 4264 extremitatum
404 4216 483 4276 quaa
514 4213 634 4276 semper
663 4202 803 4259 motatur.
863 4192 1127 4270 Quemadmodum
1156 4199 1190 4254 ut
1219 4209 1257 4253 ex
1325 4238 1328 4246 .

146 4303 210 4349 uno
240 4287 355 4364 reliqua
387 4300 507 4362 quoque
537 4283 681 4347 studiosis
713 4284 871 4362 auspicor,
898 4281 1074 4342 extremitas
1104 4285 1152 4339 est
1174 4277 1256 4350 illud,

148 4373 205 4449 ‚lit
232 4372 423 4448 dimittens,
460 4368 620 4432 faciamus
643 4369 797 4430 hominem
822 4367 861 4429 ad
884 4367 1054 4511 imagigzm*
1072 4370 1206 4425 nonnam
1228 4369 1257 4424 et
