2752 4778
1181 213 1254 296 357

111 452 113 459 ,
145 403 285 465 Pascitur
305 406 396 482 igitur
418 409 448 462 et
470 404 583 478 pascit,
606 406 757 478 elegitur
779 412 808 464 et
831 406 908 480 agit,
932 404 1062 482 Rachel,
1085 404 1254 466 secundum

143 493 233 552 vocis
263 489 526 567 significationem.
582 488 697 549 Rachel
727 492 818 567 igitur
848 496 894 551 est
922 492 1022 551 omnis
1052 493 1153 551 anima
1182 507 1255 552 con·

141 577 341 654 templativa,
372 591 452 650 quae
480 573 548 652 lege
578 575 628 635 dei
655 583 802 652 tanquam
832 592 914 654 agua
940 583 1030 654 pasta
1058 582 1089 636 et
1111 584 1195 649 ncta,
1225 585 1256 638 et

140 665 234 725 iuxta
262 664 360 740 legem
388 662 437 722 del
459 663 628 737 praeceptis
649 664 693 722 eis
716 679 796 737 quae
818 662 857 722 ad
880 665 1030 724 actionem
1052 664 1205 738 pertinent
1225 667 1256 724 et

139 750 246 827 pascit
281 755 312 809 et
346 750 411 825 agit
437 748 586 808 motiones
616 764 691 809 suas
721 751 996 827 cogitationesque,
1035 756 1126 826 atquc
1154 751 1254 810 carnis

140 834 274 897 affectus
297 835 472 896 fecunditati
496 834 614 894 virtutis
637 837 755 896 interim
779 837 902 909 subicit,
933 836 1071 911 adeoque
1093 840 1254 911 postquam

139 924 289 1000 ingressa
316 922 345 982 iu
376 921 579 999 cognitionem
608 927 671 992 est,
700 937 826 997 prorsus
855 924 1013 1000 extinguit.
1071 921 1123 981 Lia
1153 929 1256 983 autem

140 1014 196 1069 est
225 1009 324 1068 omnis
355 1008 458 1068 anima
487 1012 612 1067 strenua
640 1025 695 1083 pro
718 1010 828 1069 virtute
850 1009 1010 1081 laborans,
1042 1023 1133 1082 quam
1156 1009 1254 1068 omnis

139 1095 280 1154 mamma
310 1093 432 1153 divinae
459 1092 670 1168 philosophiae
699 1100 834 1154 sectator
860 1095 890 1153 in
920 1096 1144 1155 matrimonium
1172 1095 1255 1170 apud

140 1197 180 1241 se
212 1181 333 1256 excipit.
389 1179 526 1240 lsraelita
555 1185 656 1239 autem
686 1183 810 1257 sapiens
838 1186 885 1240 est
907 1197 995 1242 meus
1019 1180 1255 1256 contemplativa

138 1269 216 1328 aevi
245 1265 335 1326 huius
365 1267 566 1342 cogitationes
595 1267 624 1324 in
657 1271 769 1326 terram
798 1269 981 1343 cognitionis
1004 1266 1191 1328 transferens
1215 1267 1254 1327 ad

138 1352 320 1428 exemplum
352 1353 456 1429 magni
477 1351 557 1411 illius
579 1351 694 1425 lacobi,
727 1355 777 1427 qui
799 1359 892 1414 totam
916 1353 1030 1413 Labant
1052 1354 1254 1413 substantiam

138 1438 186 1500 ad
210 1445 322 1499 terram
345 1444 462 1514 patrum
486 1441 713 1514 transportavit.
770 1439 1031 1512 Quemadmodum
1055 1440 1134 1499 enim
1158 1439 1255 1498 admi-

136 1526 260 1586 randus
282 1525 332 1585 ille
355 1524 503 1596 lacobus,
525 1530 559 1584 ut
576 1525 719 1585 traditum
737 1530 800 1596 est,
823 1528 924 1604 virgas
944 1526 1143 1587 decorticatas
1160 1541 1254 1600 aqua-

138 1629 212 1673 rum
236 1611 396 1672 canalibus
420 1613 521 1671 iniecit
543 1615 573 1669 et
597 1613 755 1686 concipere
778 1612 817 1671 ad
840 1629 894 1673 eas
917 1613 986 1674 lecit
1009 1629 1081 1672 oves
1106 1614 1254 1687 bibentes,

138 1701 188 1758 sic
218 1699 318 1758 omnis
348 1713 434 1758 mens
464 1699 494 1756 in
524 1699 629 1772 spiritu
658 1698 884 1773 sapientissima
906 1713 1028 1774 quoque
1051 1701 1184 1759 rationes
1207 1714 1255 1757 re-

136 1801 213 1845 rum
244 1799 322 1858 quae
351 1790 423 1843 sunt
451 1783 615 1843 diviniores
638 1800 657 1843 a
680 1787 807 1844 materia
829 1787 1091 1846 circumvestiente
1115 1784 1255 1845 denuda·

136 1878 190 1931 tus
215 1871 315 1931 modis
339 1871 519 1947 cognitionis
543 1870 784 1945 contemplativis
807 1873 933 1943 subicit,
969 1878 999 1933 et
1021 1872 1254 1946 incorporalium

137 1963 260 2019 statum
296 1956 426 2017 formare
463 1971 615 2032 quemque
650 1957 816 2017 discentem
846 1963 876 2017 et
906 1960 1025 2019 animae
1054 1974 1130 2018 suae
1156 1959 1254 2032 ipsius

139 2044 296 2104 motiones
326 2043 441 2103 edocet.
504 2041 677 2102 Patriarcha
704 2045 806 2118 ltaque
835 2059 940 2103 eorum
969 2044 1090 2120 quidem
1122 2045 1173 2118 qui
1202 2060 1255 2119 per

138 2132 278 2191 activum
308 2129 442 2189 laborem
474 2130 574 2190 virtuti
602 2145 724 2203 operam
754 2135 869 2189 navant
898 2129 958 2189 Lea
980 2137 1043 2201 est,
1074 2135 1179 2189 contra
1202 2147 1255 2190 eo-

137 2233 211 2277 rum
240 2215 292 2290 qui
319 2230 374 2291 per
402 2214 574 2275 naturalem
597 2216 882 2291 contemplationem
906 2217 1091 2277 rationaliter
1113 2216 1254 2275 virtutem

138 2302 251 2364 colunt
273 2300 388 2361 Rachel
411 2306 473 2372 est,
495 2306 600 2376 utpote
623 2301 672 2361 dei
693 2303 761 2379 lege
785 2302 982 2363 oboedienter
1004 2304 1193 2380 gubernata,
1218 2318 1255 2361 ac

139 2389 252 2449 leniter
285 2387 455 2448 secundum
489 2403 557 2448 earn
592 2390 782 2465 gubernans.
847 2388 958 2449 Eorum
991 2406 1060 2449 vero
1090 2389 1141 2463 qui
1169 2389 1254 2447 iuxta

140 2474 431 2549 contemplationem
471 2475 656 2548 spiritualem
690 2481 795 2551 petunt
829 2476 1044 2538 sublimitatem
1074 2476 1254 2553 cognitionis

140 2560 275 2622 lacobus
307 2567 354 2620 est
382 2560 433 2619 ille
462 2561 574 2619 eximia
603 2560 694 2621 laude
723 2561 964 2637 praedicandus,
994 2563 1052 2623 hoc
1081 2567 1127 2622 est
1149 2576 1254 2621 eorum

140 2648 197 2723 qui
230 2662 266 2706 ea
296 2662 373 2721 quae
402 2646 544 2706 videntur
572 2664 632 2705 uon
663 2649 704 2706 ita
725 2655 758 2707 ut
781 2648 934 2723 videntur,
959 2649 1014 2709 sed
1035 2653 1070 2709 ut
1091 2647 1255 2708 intellectui

139 2738 414 2810 repraesentantur
442 2733 607 2807 inspiciunt
636 2739 728 2808 atque
757 2741 962 2813 cognoscunt,
995 2741 1024 2797 et
1047 2752 1116 2797 cum
1139 2736 1255 2813 cogita·

140 2816 278 2882 tionibus
308 2819 379 2880 inde
409 2820 542 2895 repetitis
574 2819 682 2879 divites
712 2821 749 2880 ad
776 2823 1006 2884 immaterialem
1029 2829 1059 2882 et
1080 2825 1256 2898 incorpora·

138 2909 205 2966 lem
229 2907 430 2983 cognitionem
454 2911 622 2965 transeunt.

139 3058 203 3134 Ex
224 3059 352 3133 eodem
375 3081 560 3149 sermone,
595 3058 633 3131 in
660 3058 779 3150 iliad,
819 3056 878 3151 ,si
901 3056 1027 3133 Simon
1049 3056 1256 3160 Cyrenaeus

195 3162 263 3255 sis,
291 3186 437 3235 crucem
457 3161 568 3250 tolle,
596 3187 638 3234 ac
661 3165 835 3260 sequere‘

238 3293 356 3359 'Simon
386 3299 507 3374 quidem
535 3305 583 3358 est
614 3298 824 3374 oboedientia,
861 3299 1036 3374 Cyrenaeus
1066 3289 1184 3374 alitem,
1221 3304 1255 3360 ut

139 3385 283 3456 tradunt,
306 3385 476 3460 explicatur
497 3389 623 3461 paratus
647 3386 779 3444 animus.
826 3385 1004 3459 Quicunque
1026 3386 1117 3464 igitur
1140 3386 1178 3445 ad
1202 3389 1256 3447 ob-

140 3472 327 3534 oediendum
347 3472 507 3550 evangelio
524 3470 817 3547 paratus,'terrenls
837 3472 1021 3532 mortificatis
1040 3473 1183 3532 membris
1200 3490 1255 3549 per

139 3559 309 3638 practicam
332 3558 555 3634 philosophiam
578 3576 632 3633 pro
656 3559 764 3618 virtute
787 3560 925 3619 lubenter
946 3559 1027 3618 subit
1050 3559 1254 3630 vexationem,

140 3647 251 3720 Simon
284 3645 383 3704 lactus
415 3650 461 3705 est
490 3644 680 3720 Cyrenaeus,
714 3646 916 3704 voluntariam
948 3650 1072 3705 sectans
1104 3647 1254 3715 virtutem,

140 3735 173 3790 ln
204 3730 337 3790 humeris
368 3732 439 3792 dum
469 3730 526 3792 lert
555 3748 674 3791 crucem
707 3738 736 3790 et
758 3731 909 3791 Christum
941 3732 1092 3806 sequitur,
1128 3747 1254 3792 conver-

140 3818 293 3879 sationem
331 3818 411 3880 vitae
446 3817 503 3876 deo
539 3818 748 3878 convenientis
779 3823 896 3877 terrena
923 3833 1049 3894 prorsus
1079 3822 1252 3878 aversatam

142 3904 321 3965 ostendeus.

141 4058 203 4134 Ex
229 4059 358 4134 eodem
383 4083 565 4151 sermone,
599 4061 638 4132 in
659 4058 777 4149 illud,
815 4054 873 4149 ,Si
896 4069 937 4130 ut
962 4059 1057 4131 latro
1082 4059 1183 4132 cruci
1207 4059 1252 4133 si·

195 4163 278 4236 mul
302 4164 436 4238 affixus
457 4164 590 4253 fueris,
619 4172 662 4235 ub
680 4163 740 4236 vir
760 4161 916 4260 probus,
943 4163 1056 4236 deum
1078 4165 1253 4260 agnosce‘

254 4297 343 4359 Latro
365 4299 480 4375 probus
503 4314 569 4358 curn
594 4297 712 4358 Christo
736 4298 827 4357 simul
847 4299 929 4358 cruci
952 4298 1061 4359 allinus
1085 4302 1183 4361 omnis
1205 4307 1253 4362 est

144 4387 240 4448 bomo
263 4387 315 4460 qui
335 4401 390 4462 pro
411 4386 546 4462 peccatis
571 4386 648 4446 male
670 4387 785 4461 patitur
806 4390 838 4445 ut
861 4385 1026 4461 obnoxius,
1060 4387 1151 4449 simul
1174 4389 1252 4450 male
