2752 4778
237 192 309 267 308

233 371 311 452 6666
332 378 449 484 γίνεται
473 367 622 482 στόματος
643 365 721 433 κατὰ
744 365 813 446 τήν·
819 366 1037 472 σῦλληφιν,“
1015 397 1083 452 αμα
1106 376 1148 462 τῇ
1166 376 1293 481 φυχή’
1301 372 1336 451 τήν
1364 450 1371 459 ⁸

71 482 174 531 εοεαε
177 466 292 524 6106
313 458 349 522 έν
370 451 509 532 εἶδος
478 481 559 521 ειναι
582 453 640 520 σῦν
661 449 737 542 αῦτη
724 453 933 564 δεχόμενον
955 455 1121 523 σῦνθεσνν.
1168 441 1279 567 Ὅπερ
1297 454 1336 524 έλ-
1365 474 1370 481 ’

71 535 121 625 ἶλῖ,
112 531 226 633 “·“,.Ιή“ηή,“
220 550 338 632 λαχοῦ
367 543 557 629 τρανότερον
586 539 749 623 ἐμφαίνων
771 544 868 622 φησὶν
891 535 908 605 ό
932 539 1147 624 διδάσκαλος,
1181 541 1325 609 Κατὰ
1301 570 1337 627 την

71 611 348 708 νἩῧΜ-ῘΙδιπλήν
383 633 439 694 τοῦ
475 624 699 734 έμφυσήματος
725 623 872 708 δόναμιν,
912 631 965 690 καλ
993 627 1094 738 πνοήν
1124 628 1336 736 έμφυσεόμενα

71 687 120 777 ⁰⁹6.
131 688 226 728 m
234 715 348 791 πάντες
382 720 435 780 καλ
469 716 592 796 πνεῦμα
627 711 728 794 ἅγιον
794 713 1009 816 8Μεριστέον
1046 705 1103 779 οῦν
1143 741 1163 779 τ
1225 715 1365 825 έπννολη

234 799 313 870 κατὰ
332 799 397 910 τήγ
427 798 581 903 σύλληψιν
609 795 646 861 τό
673 821 731 879 μεν
762 794 892 873 ζωτικὸν
923 796 1090 909 έμφῦσημα
1115 827 1172 866 και
1198 800 1239 868 τό
1262 806 1338 869 πνεῦ

233 915 279 973 μα
309 884 344 951 τό
374 886 466 970 ἅγιον
495 889 532 974 τῆ
561 885 658 988 νοεριῖ
685 885 739 961 τῆς
765 886 868 987 ψυχῆς
898 879 1008 971 οῦσίηι,
1042 884 1096 967 τήν
1127 891 1165 953 δέ
1190 888 1338 973 σαίρκωσιν

235 979 288 1040 καὶ
323 972 379 1051 τήν
411 970 510 1049 πνοήν
538 973 575 1058 τῇ
600 945 698 1072 φῦσει
727 971 784 1032 τοῦ
813 966 976 1078 σώματος,
1010 969 1123 1049 καθαλς
1154 974 1193 1040 οἱ
1224 978 1360 1063 πατέρες

234 1063 350 1167 9φασί.
414 1050 528 1121 Καὶ
511 1081 528 1133 η
559 1058 615 1118 τοῦ
641 1052 849 1164 προπάτορος
872 1051 976 1160 Ἀδὰμ
1002 1062 1172 1170 μυστικῶς
1196 1061 1336 1165 παρήγθη

234 1150 371 1251 γένεσις,
408 1141 516 1227 ἕτερον
548 1143 600 1218 ιής
629 1143 731 1242 ψυχῆς
757 1138 901 1252 έχουσμ
907 1139 964 1206 τόν
990 1167 1024 1207 τε
1052 1147 1111 1209 τοῦ
1138 1139 1229 1211 εἶναι
1258 1146 1338 1231 λόγον

234 1237 287 1296 καὶ
310 1229 366 1294 τόν
387 1255 443 1293 του
429 1229 616 1333 γενέσθαι
640 1224 778 1333 τρόπον,
806 1231 861 1291 καὶ
884 1225 991 1311 ἕτερον
1018 1228 1137 1311 δηλαδή
1168 1236 1233 1298 τοῦ
1262 1233 1338 1337 ¹¹66

233 1341 351 1402 ματος,
384 1311 426 1390 αλς
454 1310 490 1377 τό
520 1307 659 1376 θεῖονι
639 1314 723 1418 ημᾶς
750 1316 959 1423 μεγαλοφυιῦς
980 1312 1231 1427 ἓμυσταγιόγησε
1252 1318 1338 1407 γρόμ·

233 1404 372 1510 μα,μῆ
402 1401 602 1517 συγχωροῦν
616 1394 669 1475 τήν
698 1397 802 1505 ψυχήν
831 1402 884 1462 καὶ
912 1398 949 1462 τό
980 1422 1073 1484 σωμα
1102 1400 1185 1468 καθ’
1214 1404 1271 1470 ἕνα
1298 1410 1337 1471 καλ

234 1488 290 1553 τόν
318 1484 414 1550 αῦτδν
430 1480 566 1589 τρόπον
594 1481 680 1560 11τής
706 1485 855 1565 γενέσεως
882 1479 1030 1564 ἀλλήλοις
1046 1489 1274 1600 συμπεσόντα
1286 1519 1338 1597 φτ·

256 1578 327 1653 ἤναι
362 1567 440 1637 κατὰ
478 1566 533 1648 τήν
567 1566 665 1674 φῦσιν
693 1573 746 1633 καλ
778 1567 833 1634 τόν
860 1568 994 1674 ἑκάστου
1023 1576 1076 1651 τῆς
1105 1570 1227 1653 οῦσίας
1251 1572 1338 1687 λόγρν

235 1660 525 1823 6663&ssss
547 1652 688 1818 ῦλῖλλ
673 1655 1013 1851 666666666
1025 1659 1338 1858 6265666}

234 1830 280 1905 εἷς
309 1828 391 1893 τότ
377 1820 458 1893 εἶναι
489 1830 611 1929 γένεσιν
639 1825 835 1912 σόνδρομος,
867 1831 901 1890 αι’
928 1824 967 1892 ῦν
995 1854 1043 1905 τις
1070 1831 1161 1897 εἴποι
1176 1840 1298 1945 περὶ.
1296 1836 1338 1899 ταῦ

234 1913 313 1983 κατὰ
342 1913 395 1993 τήν
423 1910 655 1998 ἅνθρωπότητα
682 1915 925 1996 συναμφοτέρου
947 1917 1004 1979 τοῦ
1024 1920 1109 1981 θεοῦ
1128 1924 1187 1984 καὶ
1211 1923 1338 2028 σωτῆρος

234 1998 321 2085 ήμῶν
338 1997 444 2079 Ἰησοῦ
460 2000 625 2104 Χριστοῦ,
648 2000 750 2082 ψυχῆς
771 2001 851 2077 λέγω
873 2003 927 2062 καὶ
950 2022 1125 2082 σωματοςς·
1139 2003 1226 2114 όπερ
1249 2010 1338 2091 κρόμν

235 2086 313 2153 κατὰ
345 2084 381 2151 τό
411 2081 544 2149 δυνατόν
562 2081 795 2192 ἐμφέρειαν
772 2082 865 2160 σοι’ζει
894 2085 1016 2164 πολλήν
1037 2086 1122 2192 πρός
1143 2089 1205 2156 τὸν
1226 2097 1339 2195 πρῶτον

233 2171 345 2256 Ἅδόμ.
392 2171 506 2278 Ὥςπερ
531 2193 610 2272 γαρ,
644 2193 686 2244 ως
715 2167 811 2243 αυτός
841 2194 938 2251 φησιν
967 2167 984 2235 6
1014 2172 1235 2258 διδάσκαλος,
1266 2204 1291 2244 π

210 2263 290 2338 ιτής
322 2258 394 2337 ῦλης
427 2254 463 2321 τό
499 2259 590 2337 στῦμα
616 2254 621 2334 Ι
646 2251 801 2337 λαβών
783 2280 801 2319 ο
835 2252 977 2335 θεός,1
980 2257 1169 2339 ’νεοτελοῦς
1205 2267 1338 2345 δηλονου

236 2341 519 2452 προῦποστόσης,
541 2364 607 2423 παρ
646 2338 759 2404 ἑαυτοῦ
787 2343 823 2404 δε
850 2337 928 2419 ζωήν
957 2341 1141 2425 ένθελς,“
1119 2373 1138 2412 ο
1169 2347 1210 2429 δή
1191 2346 1338 2505 ηνοιγὶν

236 2426 340 2517 φυγήν
367 2434 420 2495 καὶ
449 2423 557 2492 εἰκόνα
585 2428 668 2490 θεοῦ
696 2419 829 2490 οἶδενί
812 2452 829 2490 ο
858 2424 970 2533 λόγος,
1002 2431 1200 2525 δημιουργεῖ
1219 2437 1279 2503 τὸν

235 2523 398 2624 θρωπον,
411 2513 467 2578 τόν
488 2508 584 2576 αῦτόν
607 2509 727 2595 τρόπον
749 2516 802 2576 καὶ
825 2505 901 2586 έξ’
881 2512 1126 2622 αγρόντουρ
1057 2542 1104 2581 πα
1106 2522 1289 2602 ρθένου
1253 2525 1335 2589 οιυννὶ

234 2609 292 2711 γῆς
318 2598 472 2704 όμιοίντου
501 2595 537 2661 τό
568 2622 661 2704 σωμα
682 2593 804 2680 λαβὼν,
836 2622 903 2681 παρ
933 2623 1045 2665 εαυτου
1068 2600 1108 2668 δὲ
1130 2604 1219 2687 ζωήν
1239 2602 1335 2684 ἐνθεὶς,

237 2715 254 2754 ο
240 2684 314 2765 66
338 2682 475 2793 14φυγήν
496 2680 610 2768 νοερόν
634 2687 688 2746 καλ
717 2681 825 2747 εἰκόνα
855 2686 938 2749 θεοῦ
965 2677 1101 2750 οἶδεν
1082 2715 1101 2754 ο
1133 2691 1253 2775 λόγος,
1282 2688 1362 2759 “16'

236 2772 349 2837 ἑαυτοῦ
378 2767 584 2876 ἀνθρώπινον
615 2766 924 2852 έδημιοῦργησεν,’
910 2795 927 2848 η
951 2767 1063 2837 ἑαυτόν
1084 2770 1256 2863 ἀτρέπτως
1211 2774 1335 2857 ωςκατλ

235 2856 414 2965 πρόςληψιν
443 2850 579 2960 σαρκός,
611 2859 733 2959 νοεραλς
757 2879 789 2919 τε
818 2859 871 2919 καὶ
900 2860 1036 2938 λογικῶς
1063 2857 1335 3013 έψυέφμὲτηςᾼέ

235 2939 316 3027 ἡμᾶς
345 2940 497 3015 ἑκουσίως
525 2963 567 3014 ως
593 2939 834 3049 παντοδῦναμος
864 2942 1098 3027 δημιουργήσας
1164 2956 1279 3032 οίησεν
1294 2944 1336 3016 έν

235 3034 381 3140 θρωπον
431 3024 537 3113 Ταότη
559 3026 635 3131 γοῦν
657 3031 711 3090 καὶ
734 3028 944 3133 τετιμηκέναι,
954 3029 1125 3139 καθάπερ
1150 3028 1272 3123 οἶμαι,
1275 3062 1336 3145 φη·

234 3121 287 3181 σὶν
316 3111 334 3178 6
364 3092 557 3220 διδόσκαλος
586 3107 641 3174 τόν
668 3109 780 3198 κόριον
797 3107 889 3216 ήμαῦν
910 3117 964 3179 καὶ
984 3112 1066 3180 θεόν
1071 3143 1145 3221 την
1165 3118 1287 3187 καθ.Η
1269 3124 1336 3233 ημός

234 3197 367 3312 τρισσὴν
413 3202 550 3277 έννησιν,
560 3199 721 3261 τουτέστι
752 3194 825 3272 τοῦς
852 3195 998 3265 καθόλου
1020 3199 1165 3287 τρόπους
1187 3212 1245 3289 τῆς
1264 3206 1335 3315 ήμιγ

234 3288 280 3362 εἷς
307 3282 343 3349 τό
372 3222 576 3350 εἶναι1
483 3287 536 3348 καὶ
568 3277 635 3345 18τό
667 3275 703 3345 εῦ
730 3275 813 3347 εἶναι
843 3287 896 3348 καλ
919 3278 968 3348 υἷελ
990 3279 1072 3351 εἶναι
1094 3288 1321 3379 γενέσεως,
1293 3318 1334 3373 ην

233 3375 292 3480 μέν
321 3369 354 3434 έκ
383 3367 553 3475 σωμάτων,
589 3370 669 3449 μίαν
698 3358 798 3434 οῦσαν
827 3371 884 3433 τοῦ
912 3376 1159 3476 συναμφοτέρου
1188 3374 1321 3446 κατέ
1280 3403 1334 3485 νην

234 3457 300 3542 ἀ’μα
322 3458 384 3520 ταῦν
404 3457 509 3558 μερῶν
531 3448 680 3531 ἀλλήλοις
701 3453 910 3562 συνόπαρξιν,
934 3459 1036 3562 φυχῆς
1047 3463 1138 3544 λέγω
1161 3470 1223 3532 καὶ
1244 3462 1334 3551 σομε

234 3567 306 3621 τος,
339 3541 384 3616 εἷς
417 3539 473 3603 δῦο
455 3540 775 3650 δναιρουμένην,
777 3538 830 3604 διὰ
860 3537 915 3604 τόν
941 3538 1084 3645 έτεροιον
1113 3550 1170 3628 τής
1199 3549 1333 3637 ἑκατέρα·

233 3631 383 3710 γενέσεως
405 3623 573 3731 τρόπον,
565 3619 604 3685 δι’
628 3649 662 3701 ης
684 3649 719 3688 το
742 3616 824 3689 εἶναι
847 3622 1063 3736 λαμβάνομεν,
1094 3630 1152 3712 τήν
1175 3638 1215 3703 δέ
1235 3636 1270 3703 έν
1286 3640 1333 3741 66

233 3719 427 3792 πείσματος,
456 3704 566 3812 κμθΗ
553 3703 590 3787 ήν
613 3705 648 3772 τό
672 3700 707 3772 εῦ
728 3702 810 3774 εἶναι
832 3717 994 3788 πλουσίως
992 3710 1319 3826 ῦποδεχόμεθα,
1292 3745 1333 3799 την

232 3801 267 3863 δέ
296 3793 378 3873 έξ’
359 3793 575 3869 αναστόσεως,
610 3789 733 3857 καθ’“
713 3820 749 3872 ην
775 3793 857 3881 πρὸς
885 3793 921 3860 τό
951 3794 1000 3864 666
1029 3793 1115 3866 εἶναι
1138 3803 1195 3871 διό
1217 3806 1333 3911 χάριτας

230 3880 506 3990 μεταποιούμεθα.
562 3875 719 3986 ’Λκριβαῦς
751 3887 857 3946 τοίνυν
888 3884 941 3946 δεῖ
966 3894 1034 3959 τοῖς
1062 3890 1125 3953 τοῦ
1151 3890 1332 3960 διδασκόλοι

230 3967 377 4050 λόγοις
363 3964 567 4044 επισκήπτειν
588 3962 641 4029 διὰ
665 3962 739 4040 τοῦς
760 3964 954 4075 ἒπηρεαστῦς
975 3973 1038 4033 τιῦν
1059 3978 1168 4052 καλῶς
1186 3982 1332 4081 κειμένων·

232 4058 282 4160 Τῇ
308 4052 368 4162 γὰρ
398 4051 525 4137 ἓπινοιη
551 4049 632 4161 μόνη
661 4050 833 4116 διελων
802 4079 855 4131 την
884 4052 918 4118 έκ
939 4054 1104 4159 σωμότων
1127 4065 1274 4145 γέννησιν
1292 4058 1331 4128 δια

221 4122 285 4217 ’τήν
306 4113 529 4202 ἀποδοθεῖσαν
551 4135 672 4212 αἰτιαν,
704 4135 769 4219 ἅμα
790 4143 828 4227 τῇ
850 4137 1002 4223 συλλήψει
1025 4141 1107 4209 καταὶ
1131 4146 1253 4217 ταῦτόν
1267 4172 1363 4235 χρυ·

299 4347 323 4396 λ.
343 4340 411 4412 πρός
428 4339 479 4407 τήν
497 4339 617 4395 26661.
663 4338 688 4397 8.
707 4339 840 4408 μεριστόν
857 4343 898 4398 ed.
913 4341 976 4397 Gall.
1024 4343 1051 4398 9.
1072 4350 1169 4414 φασίν
1189 4352 1231 4409 εδ.
1247 4352 1303 4408 66¹.
