2752 4778
54 112 206 193 mcum
226 118 259 176 et
278 114 424 192 primam,
448 112 505 175 sed
523 113 683 190 adipsum
702 128 823 191 semper
840 113 1036 177 intendamus
1056 117 1173 180 solnm·

10 266 14 279 ,
56 196 151 263 sano
185 202 217 261 at
252 214 437 277 quaemmus
473 200 525 276 qni
553 200 625 261 inde
655 206 725 262 sunt
753 200 968 278 splendoribus
998 218 1171 281 coruscare,

60 284 213 363 muldam
239 298 296 364 per
321 286 568 362 inaequalitatem
597 285 760 346 visibilium
788 293 821 348 et
847 287 1040 348 titubantium
1069 293 1173 351 mans·

61 370 143 433 ducit
171 384 231 433 nos
260 373 292 432 ia
321 388 359 434 ea
389 387 468 448 quae
497 376 581 432 stant
603 377 633 432 et
653 377 855 449 permanent‘
911 370 976 431 Non
999 374 1110 450 igitur,
1137 381 1172 437 ul

63 458 204 529 arbitror,
233 458 330 535 ipsius
360 474 440 534 quae
460 458 630 518 secundum
654 459 881 533 generationem
904 456 1101 520 humanitatis
1123 465 1175 523 ast

64 558 177 605 causae
206 545 238 602 ln
265 545 395 620 talibus,
425 549 458 604 ut
487 544 600 604 dictum
631 550 695 617 est,
727 542 968 621 magister'lacit
989 544 1173 609 declaratio·

65 644 147 704 nem,
183 630 240 691 sed
273 632 339 707 ipse
369 646 469 706 usque
498 635 569 706 post
598 631 826 707 generationem
857 634 992 690 nostram
1020 641 1173 710 aggravat

64 716 152 777 uam
185 715 370 777 infelicitatis
407 721 531 792 propter
568 716 876 790 praevaricationem,
916 717 1170 790 quemadmodum

65 801 211 864 curiosius
239 805 271 862 et
297 802 465 863 studiosius
492 802 611 860 divinas
639 802 735 876 ipsius
764 801 868 862 literas
891 804 1097 878 cogitantibus
1120 810 1171 865 cst

65 886 268 949 manifestum.
318 886 410 948 lstius
439 888 519 947 enim
549 902 675 947 causam
703 887 801 961 unde,
832 891 863 946 et
883 903 939 964 per
961 889 1049 961 quid,
1077 893 1109 950 et
1130 904 1170 951 ex

65 972 137 1050 dno,
166 978 198 1034 et
223 978 348 1050 propter
375 973 446 1048 quid
475 989 530 1048 per
558 973 635 1032 baec
663 974 752 1033 nobis
781 972 897 1032 addidit
926 975 1019 1033 verba
1046 979 1171 1051 propter

65 1074 128 1121 mm
158 1057 400 1120 administratam
429 1064 566 1118 nostram
596 1059 751 1133 sapienter
777 1073 796 1117 a
824 1059 881 1118 deo
912 1059 1046 1120 salutem
1067 1059 1170 1121 decia·

66 1158 150 1220 rans3
185 1144 266 1206 illius
294 1150 385 1215 vero,
413 1145 444 1203 in
471 1161 530 1219 quo
552 1144 632 1204 iacta
655 1150 703 1204 est
726 1145 870 1222 mysterio
891 1145 1054 1206 insinuans
1076 1147 1170 1208 virtu·

67 1238 121 1293 tam
144 1230 240 1292 altero
263 1232 423 1291 verborum
445 1246 523 1291 usus
546 1235 595 1290 est
617 1230 723 1303 modo,
759 1236 853 1291 totam
876 1233 926 1289 sui
948 1231 986 1290 de
1007 1231 1068 1292 hoc
1087 1234 1170 1307 piam

67 1317 247 1378 amuntatem
263 1317 379 1378 faciens
397 1317 605 1391 manifestam3
629 1318 706 1376 sicut
723 1317 754 1375 in
773 1333 809 1376 eo
829 1316 880 1391 qui
897 1321 946 1376 est
962 1318 993 1376 iu
1009 1319 1171 1398 γενέθλια,

67 1402 160 1463 idest
181 1404 373 1476 nativitates,
397 1418 539 1464 sermone
561 1402 734 1463 manifestat
755 1402 877 1461 dicens:
913 1404 1060 1475 ,Animus
1076 1405 1170 1478 igitur

10 1524 13 1531 ·
67 1489 121 1549 iam
147 1492 180 1548 et
207 1504 333 1564 sensus,
367 1489 412 1548 sic
440 1505 459 1550 a
483 1489 669 1549 seinvicem
692 1488 815 1548 discreti
837 1489 966 1563 propriis
988 1489 1170 1550 definitioni·

68 1575 132 1649 baa,
161 1575 246 1635 intus
274 1578 439 1645 steterunt,
470 1581 499 1635 et
527 1574 674 1635 creatoris
703 1575 787 1633 verbi
815 1574 1055 1651 magnitudinem
1078 1577 1110 1635 in
1134 1590 1169 1636 se

67 1661 133 1737 ipsis
161 1659 315 1736 ferebant,
350 1661 478 1722 silentes
500 1658 668 1720 laudabant
689 1660 963 1737 magnificentiam,
995 1662 1196 1740 magnivoci

67 1745 301 1823 meditatores,
332 1745 469 1807 nondum
488 1762 560 1807 vero
579 1752 644 1806 arat
661 1746 814 1806 concretio
832 1761 872 1805 ex
891 1747 1046 1820 utrisque,
1070 1762 1170 1822 neque

67 1831 211 1908 maedam
249 1832 382 1893 mixtura
418 1833 637 1893 contrariorum
674 1832 844 1907 sapientiae
877 1833 1001 1891 maioris
1030 1838 1061 1892 et
1090 1834 1169 1894 circa

67 1923 187 1981 naturas
224 1918 339 1980 multae
374 1919 569 1996 perfectionis
599 1917 726 1994 indicia,
756 1932 867 1992 neque
896 1932 1005 1977 omnes
1034 1918 1169 1979 thesauri

67 2006 350 2082 bonitatiscognit13
377 2005 438 2064 hoc
459 2010 561 2064 autem
583 2004 692 2064 volens
715 2004 823 2063 artifex
847 2003 971 2063 verbum
994 2005 1167 2080 ostendere,

65 2092 174 2153 animal
207 2106 302 2152 unum
336 2105 373 2150 ex
409 2090 551 2150 invisibili
581 2089 650 2150 dico
679 2095 709 2150 et
735 2088 845 2149 visibili
874 2095 985 2149 natura
1012 2087 1168 2151 hominem

64 2183 159 2253 creat3
194 2183 224 2237 et
253 2193 292 2236 ex
314 2177 440 2236 materia
463 2176 585 2251 quidem
608 2176 761 2251 accipiens
783 2191 893 2250 corpus
915 2176 977 2235 iam
999 2183 1071 2237 ante
1093 2177 1167 2236 sub·

64 2265 182 2335 silbula,
214 2279 234 2324 a
261 2278 296 2323 sa
324 2263 392 2338 ipso
414 2278 488 2321 vero
511 2263 603 2323 vitam
625 2262 754 2338 imponit
773 2260 1022 2336 (intellectualem
1044 2276 1167 2337 quoque

63 2351 193 2410 animam
227 2353 259 2409 et
294 2349 457 2425 imaginem
491 2348 540 2408 dei
575 2349 661 2408 novit
697 2348 851 2424 verbum),
891 2347 985 2408 veluti
1014 2347 1165 2423 quendam

62 2435 206 2498 muudum
244 2434 432 2505 secundum,
470 2435 501 2493 in
539 2449 633 2508 parvo
670 2449 831 2511 magnum,
871 2435 902 2492 in
938 2439 1018 2494 terra
1051 2435 1167 2505 statuit,

61 2521 204 2601 angelum
227 2519 337 2591 alium,
367 2519 557 2581 adoratorem
580 2521 707 2579 mixtum
716 2525 733 2593 ⁸,
758 2518 936 2593 etreliqua.
981 2520 1014 2579 lu
1037 2536 1074 2582 eo
1093 2536 1167 2581 vero

61 2610 108 2685 qai
137 2611 188 2668 cst
214 2606 245 2666 in
270 2606 386 2680 Φῶτα,
415 2606 475 2666 boc
498 2611 546 2666 est
567 2605 769 2680 Baptismate,
801 2621 956 2666 sermone:
1000 2605 1166 2680 ‚Quoniam

60 2696 103 2755 sic
135 2692 215 2752 baec
243 2697 296 2753 aut
316 2691 393 2752 boc:
429 2693 590 2768 oportebat
616 2707 689 2751 vero
719 2707 778 2750 non
802 2691 851 2750 his
874 2692 925 2767 qui
948 2696 1167 2752 sursumsunt

59 2776 252 2842 solummodo
282 2777 491 2838 adorationem
521 2779 743 2848 circumscribi,
780 2777 835 2837 sed
863 2793 935 2836 esse
965 2779 1114 2853 quosdam
1136 2782 1168 2838 et
1226 2797 1229 2803 “

58 2868 202 2928 deorsum
224 2862 419 2938 adoratores,
448 2871 482 2926 ut
502 2863 699 2941 implerentur
720 2863 822 2922 omnia
852 2863 949 2940 gloria
970 2862 1037 2935 dei,
1068 2879 1166 2939 quon·

59 2956 118 3013 iam
147 2956 181 3012 et
209 2949 276 3025 del;
313 2956 345 3009 et
371 2956 533 3026 propterea
562 2955 683 3010 creatur
711 2948 803 3009 homo
832 2965 925 3008 manu
947 2949 1013 3020 dei,
1041 2949 1167 3010 honori·

57 3040 167 3101 duatus
190 3035 283 3095 etiam
305 3036 461 3114 imagina‘
514 3033 596 3096 llaec
619 3034 739 3110 quidem
764 3033 903 3095 sufficere
926 3036 1077 3111 suscipio,
1108 3036 1167 3095 etsi

58 3139 153 3201 parva
175 3122 380 3197 mnsutuant,
414 3138 477 3182 non
497 3123 621 3182 omnino
642 3122 832 3181 contentiose
854 3120 1039 3181 discernenti
1062 3128 1093 3182 et
1114 3136 1166 3181 so·

57 3207 214 3271 lummodo
239 3205 385 3284 pugnare
407 3208 573 3286 gloriosum
603 3223 665 3266 non
688 3207 847 3277 iudicanti,
880 3206 918 3266 ad
942 3207 1165 3268 ostendendam

57 3303 153 3358 totam
191 3294 329 3371 magistri
363 3293 402 3353 de
436 3294 485 3354 his
521 3309 599 3368 quae
631 3293 712 3352 dicta
742 3299 814 3352 sunt
840 3292 1082 3371 intelligentium.
1133 3290 1166 3352 Si

57 3387 161 3444 autem
184 3377 225 3439 de
246 3377 322 3454 hoc,
352 3379 505 3454 quomodo
528 3380 574 3439 dei
599 3381 767 3454 portionem
790 3380 938 3456 magister
959 3396 1017 3439 nos
1036 3379 1167 3458 vocavit,

57 3470 266 3546 repugnatur,
299 3465 502 3541 multipliciter
531 3466 653 3540 quidem
681 3466 742 3524 iam
772 3467 913 3541 superius
943 3465 981 3525 de
1008 3464 1068 3525 hoc
1095 3464 1166 3525 red·

57 3555 121 3615 dita
151 3557 202 3612 est
222 3551 317 3627 rati03
353 3557 387 3612 ut
409 3556 510 3613 autem
532 3551 648 3612 tidelior
669 3551 722 3610 fiat
744 3551 950 3626 spiritualibus
973 3551 1165 3613 contendeus

58 3640 180 3710 sarbia,
211 3642 340 3721 sanetus
370 3644 401 3697 et
430 3640 538 3699 beatus
561 3637 721 3714 apostolus
743 3636 858 3697 Paulus
880 3636 1030 3698 occultam
1053 3638 1085 3696 in
1107 3636 1166 3698 deo

58 3731 130 3789 aute
160 3722 270 3785 secula
298 3723 430 3784 laudans
460 3726 656 3800 sapientiam,
690 3728 720 3781 et
748 3737 868 3783 omnem
892 3725 1086 3784 tenebrosam
1108 3722 1166 3784 bu·

58 3826 184 3875 manum
213 3811 307 3869 vitam
339 3810 532 3881 illuminans,
560 3815 590 3870 et
610 3809 801 3888 ignorantiae
823 3809 982 3887 caliginem
1005 3811 1166 3871 animabus

59 3900 209 3977 abigens,
242 3894 281 3955 (le
310 3895 368 3956 boc
392 3897 541 3957 satisfacit
562 3896 718 3973 Ephesiis,
749 3893 854 3955 dicens
876 3895 968 3957 haec:
1014 3895 1068 3970 ,Ut
1089 3896 1165 3958 deus

59 4100 102 4154 ba.
122 4094 188 4166 napi
206 4098 247 4152 ed.
267 4098 321 4150 (iul.
