2768 4784
233 206 303 286 166

228 389 311 462 εἶναι
339 397 439 469 δοκώ,
474 396 526 456 καὶ
549 385 644 470 αῦτῆς
664 388 723 465 ἔξω
745 395 905 467 παντελῶς
927 393 980 470 τῆς
1002 390 1035 455 έν
1057 400 1125 467 τοῖς
1144 389 1258 473 λόγοις
1276 390 1341 457 ἦν
1379 404 1382 437 ²

230 480 329 547 όντων
352 482 512 563 διαφορᾶς
530 475 715 560 γενόμενος,
738 482 792 542 καὶ
817 471 889 586 οἷρν
909 476 1103 588 μεθόριον
1090 476 1204 542 εαυτδν
1189 494 1340 586 παρει-

228 573 302 643 θείς
322 571 405 630 θεοῦ
426 590 459 629 τε
481 568 535 630 καὶ
547 561 684 629 πόντων
706 566 769 628 τών
787 560 865 671 μεταλ
888 562 985 641 θεὸν,
1021 562 1078 628 τόν
1097 567 1157 648 μέν
1176 559 1220 638 ιλς
1242 590 1260 626 ν

223 658 360 738 ’ἐγοντος
388 657 442 716 καὶ
470 646 637 760 υλφαῦστου
661 645 700 713 δι’
724 649 802 714 ιλλου
821 652 973 733 μένοντος
994 654 1048 714 καὶ
1068 652 1227 733 μηδεμίαν
1247 555 1346 734 a
1379 710 1382 719 .

229 761 348 817 νουσαν
375 733 471 801 αιλτδν
498 735 630 843 ἔχοντος
656 733 784 818 νόησιν,
819 739 881 800 τών
909 738 946 799 δὲ
972 738 1267 820 καταλελειμμένων
1284 736 1339 833 τι]

229 829 266 934 τῦγ
288 829 459 909 περιουσία
479 825 534 900 τῆς
554 819 634 887 κατὰ
657 825 732 887 νοῦν
753 820 898 906 γνώσεως
912 824 1140 933 διαβαθέντων
1160 826 1214 887 καλ
1236 822 1339 889 mi·
1348 894 1354 905 ,

230 913 328 1021 νόριον
356 886 480 984 έννοίλις
508 912 668 990 φανέντων
696 911 741 996 τῷ
765 914 874 974 τίποτε
895 901 978 972 εἶναι
998 904 1172 1016 βεβαίως
1156 911 1238 1010 υπὲρ
1260 902 1350 973 ὤλεθ’

229 1003 283 1063 καὶ
307 993 476 1076 α’ληθώς’
462 997 627 1075 εννοῆσαι,
661 993 759 1058 ταῦτό
777 1020 843 1104 μοι
872 997 965 1060 δοκεῖ
988 991 1042 1058 διδι
1069 999 1123 1074 τῆς
1149 991 1260 1102 όιβεως
1284 980 1340 1061 καλ

230 1086 287 1149 τοῦ
309 1087 448 1168 φυσικοῦ
469 1079 570 1165 νόμου
593 1079 670 1145 κατὰ
693 1078 748 1161 166
769 1077 1049 1148 ἅπαδοθεΐσαν’
1014 1087 1121 1146 αιτίαν
1143 1076 1161 1145 6
1184 1079 1362 1148 διδώσειν·

229 1176 286 1245 λος
312 1172 601 1276 παραινίττεσθαι,
633 1163 700 1231 ἀλλ’
729 1163 766 1232 οιλ
789 1163 903 1232 ταῦτδν
925 1171 1097 1247 τίθεσθαι,
1126 1164 1238 1243 καθώς
1259 1188 1341 1243 τινες

230 1251 400 1336 (λη’θησαν,
428 1252 482 1333 τῆν
511 1251 592 1364 όιμιν
610 1277 643 1318 τε
665 1258 719 1318 καὶ
742 1250 799 1318 τόν
820 1252 957 1362 φυσικόν
978 1252 1088 1363 νόμον
1137 1254 1257 1359 ’Ἀμφω
1278 1248 1339 1339 γόρ

229 1347 304 1450 περὶ
334 1340 371 1406 τὰ
402 1337 480 1405 αλτιλ
503 1338 564 1423 τὴν
579 1338 744 1443 ἐνέργειαν
759 1338 925 1425 ἔχοντα’
894 1366 947 1420 την
969 1335 1021 1405 ἀπ’
1044 1334 1187 1419 ιλλλῆλων
1208 1338 1340 1405 δόνατιιι

68 1424 295 1494 0011ῐὶΜίιατ
330 1427 475 1492 ἐπίνοιαν
481 1428 661 1533 λέγεσθαι
690 1422 869 1535 διάκρισιν,
903 1430 961 1515 τῷ
970 1425 1024 1506 τῆν
1050 1430 1110 1512 μὲν
1128 1424 1135 1513 Ι
1152 1422 1278 1510 ἀλόγως
1303 1426 1341 1517 16

229 1512 429 1626 προςφαῦσει
451 1516 513 1577 τών
530 1536 658 1620 ορατων
679 1509 784 1596 μόνον
801 1490 1010 1597 στηρίζεδθαι
1029 1516 1204 1618 περαιτέρω
1219 1519 1341 1596 βαίνειν
1373 1584 1382 1593 ,

231 1626 288 1666 ουκ
317 1600 494 1684 ἔχουσαν,
505 1597 561 1661 τὸν
590 1601 625 1662 66
654 1601 700 1683 τῷ
729 1623 762 1663 τε
790 1602 992 1710 συνημμένῳ
1001 1597 1088 1708 λόγῳ
1116 1602 1214 1664 ταῦτα
1241 1603 1340 1665 πολι-
1378 1619 1380 1624 ·

229 1695 427 1796 πραγμονεῖν
448 1689 502 1750 καὶ
524 1686 568 1771 τῷ
589 1686 634 1770 νῷ
655 1688 759 1760 καλῶς
776 1710 808 1750 τε
826 1690 880 1750 καὶ
894 1689 1008 1792 σοφώς
1024 1681 1245 1772 ῦπερβαίνειν,
1267 1678 1341 1750 καθ’

232 1771 250 1838 6
244 1769 412 1880 ³66665w
435 1769 489 1850 τλν
486 1774 586 1879 m6666
607 1775 664 1834 τοῦ
685 1763 768 1835 εἶναι
789 1769 911 1837 &east
892 1770 1019 1837 εννοιών
1041 1796 1073 1838 τε
1097 1777 1151 1837 καὶ
1180 1777 1309 1843 πίστιν
1320 1762 1351 1837 6·

231 1856 367 1966 φυσικός
389 1854 443 1922 διὰ
466 1859 518 1936 τῆς
524 1855 658 1966 ὄφεως
668 1855 833 1941 ελςαγῆοχε
855 1855 963 1961 νόμος.
1008 1856 1118 1967 ”066
1133 1849 1190 1924 οῦν
1211 1838 1341 1924 έκόλεσλ

208 1941 286 2024 στῆν
314 1941 437 2022 ἇπλώς,
467 1937 534 2007 ἄλλ’
565 1938 603 2006 οῦ
626 1939 680 2021 166
701 1947 790 2048 πώς,
816 1940 912 2052 πρός
921 1943 959 2008 τὰ
982 1943 1121 2024 αἰσθητὰ
1145 1948 1198 2024 τῆς
1219 1940 1341 2056 66666·

230 2055 310 2107 σεως
328 2025 509 2116 προςβολην
530 2007 581 2110 (66
602 2024 663 2115 γὰρ
688 2025 873 2109 αἰσθήσεως
892 2025 1001 2106 ἆπλώς
1022 2057 1058 2096 το
1047 2029 1111 2096 ’ἐκ
1128 2055 1215 2108 τινος
1228 2028 1342 2139 ετερόν

229 2144 260 2183 τι
289 2117 536 2201 συλλογίζεσθαι
564 2118 759 2194 καθέστηκεν
787 2115 899 2198 ἴδιον),
928 2113 1031 2201 νόμον
1060 2119 1096 2181 66
1117 2115 1261 2220 φυσικόν
1288 2112 1342 2196 τῆν

230 2202 283 2270 διιλ
312 2207 365 2284 τῆς
389 2144 576 2282 αἰσθήσεως
603 2205 781 2309 γινομένην
796 2200 874 2266 κατὰ
902 2207 976 2268 νοῦν
1005 2208 1059 2268 καὶ
1084 2208 1184 2287 λογον
1205 2198 1342 2310 φνσικιλν

231 2289 407 2399 ἐνέργειαν,
436 2284 510 2354 καθ’
539 2282 576 2366 ἣν
604 2283 621 2365 6
643 2285 781 2396 πρός
746 2313 782 2353 το
790 2299 949 2398 κρεῖττον
969 2285 1037 2373 μετ’
1058 2287 1226 2396 ἐμμελοῦς
1236 2286 1340 2366 έξετό-
1376 2324 1382 2361 ·,

232 2399 312 2452 σεως
332 2374 407 2440 καθ’
432 2370 549 2439 ὃδιλν’
529 2370 595 2438 από
618 2376 679 2438 τών
705 2370 843 2453 ἡττόνων
863 2370 1018 2484 ολνόβασις
1036 2381 1187 2488 γίνεται
1213 2367 1341 2456 ’Axam-

231 2487 292 2539 τως
319 2465 355 2526 66
382 2465 549 2526 κινεῖσθαί
575 2483 607 2525 τε
635 2465 690 2525 καὶ
745 2463 879 2545 έρεσθαι
908 2458 954 2525 ταὶ·
977 2457 1123 2571 ὁρώμενα
1151 2461 1274 2569 εἴρηται
1296 2486 1339 2572 τιρ

231 2546 412 2635 διδασκάλῳ
434 2551 479 2634 τῷ
497 2548 557 2629 μὲν
578 2542 680 2633 λόγῳ,
703 2487 787 2651 γλ
718 2550 859 2708 ξγέγονε
882 2552 1003 2631 ταῦτα,
1019 2545 1100 2612 κατώ
1119 2572 1152 2613 τε
1169 2545 1282 2654 φῦσιν
1285 2552 1338 2614 καλ
1379 2556 1382 2561 ’

231 2633 364 2718 δύναμιν
391 2639 445 2724 καὶ
473 2631 650 2741 ἐνέργειαν,
679 2609 736 2708 τόξ
736 2658 767 2696 ιν
799 2658 831 2698 τε
860 2639 914 2698 καὶ
943 2631 1138 2718 διαμονῆν’
1118 2632 1340 2740 αμεταστότως

230 2719 332 2806 ἔχειν,
360 2726 413 2785 καὶ
442 2717 484 2802 66
508 2716 699 2793 ἐξίστασθαι
722 2714 837 2783 καθ’ε
820 2723 930 2784 οτιοῦν
951 2724 1004 2800 τῆς
1025 2724 1159 2805 φυσικῆς
1181 2719 1340 2801 ἰδιότητος

230 2811 285 2872 καὶ
311 2804 519 2913 μετριβώλλειν
546 2803 592 2880 εἷς
612 2800 692 2868 ἄλλο
715 2811 769 2869 καὶ
792 2803 972 2915 φῦρεσθαι,
1000 2812 1163 2873 κινεῖσθαι
1186 2809 1222 2872 66
1243 2806 1341 2872 πόλιν

230 2895 276 2979 τῷ
305 2891 384 2956 κατὰ
407 2887 488 3003 ροῆν
515 2895 568 2955 καὶ
597 2885 764 2977 ιλπορροην
791 2891 892 3002 λόγῳ,
922 2888 1049 2971 αιλξήσει
1078 2917 1111 2958 τε
1138 2896 1176 2983 τῦ
1203 2898 1280 2978 περὶ
1303 2890 1338 2958 τό

230 2974 337 3043 ποσόν
364 2981 419 3044 καὶ
445 2974 577 3089 μειώσει
606 2981 659 3041 καί
690 2980 727 3067 τῦ
753 2983 827 3062 περὶ
856 2976 892 3044 τό
928 2977 1023 3044 ποιὸν
1058 2961 1248 3060 ἀλλοιώσει,
1285 2982 1339 3046 καλ

231 3068 347 3176 κυρίως
374 3063 493 3142 εἰπεῖν,
522 3066 558 3153 τῇ
586 3061 620 3138 ἐξ
649 3045 792 3142 ἀλλήλων
820 3066 973 3168 διαδογῆ,
1008 3060 1263 3175 ῦπεξισταμένων
1289 3060 1338 3131 σλελ
1380 3098 1382 3103 ·

231 3161 300 3227 τοῖς
321 3149 556 3255 ἐπιγινομένοις
577 3152 638 3212 τών
659 3149 911 3260 προειληφότων
970 3153 1037 3216 Καὶ
1059 3148 1203 3228 ἅπλώς“
1189 3177 1243 3218 ινα
1264 3175 1338 3220 συν·

231 3234 312 3303 ελυλν
339 3237 434 3316 εἶ’πω,
464 3234 566 3300 πάντα
596 3232 634 3298 τυὶ
664 3232 757 3318 ὄντα,
785 3231 911 3301 καθ’“
890 3261 928 3302 ον
947 3239 1008 3318 μὲν
1029 3227 1209 3318 ῦπὲστησόν
1229 3261 1263 3305 τε
1285 3240 1340 3305 καί
1379 3258 1382 3291 ῑ

230 3324 295 3390 εἶσι
323 3322 463 3433 λόγρν,
474 3319 616 3405 στώσιμό
643 3346 676 3386 τε
703 3326 863 3399 παντελῶς
891 3322 955 3389 εἶσι
979 3330 1034 3389 καὶ
1032 3321 1200 3433 ἀκίνητα,
1237 3349 1283 3413 τῳ
1268 3325 1339 3388 66

230 3415 295 3475 τών
323 3415 397 3494 περὶ
424 3404 502 3472 αλτδι
530 3411 761 3493 θεωρουμένων
787 3407 892 3517 λόγιγ,
923 3405 1049 3475 καθ”λ
1029 3435 1067 3475 ον
1097 3406 1114 3490 6
1143 3414 1200 3476 τοῦ
1220 3406 1338 3486 παντός
1373 3444 1376 3449 ·

231 3493 344 3560 τοῦτου
366 3498 477 3579 σαφιῦς
499 3494 671 3604 οἰκονομία
693 3498 862 3575 συνέστηκέ
882 3520 914 3560 τε
936 3500 990 3561 καὶ
1013 3495 1206 3580 διεξάγεται,
1236 3495 1339 3563 πόντοι
1380 3506 1382 3513 ’

231 3593 364 3646 κινεῖται
386 3579 534 3660 δηλονότι
556 3585 610 3645 καὶ
633 3575 773 3646 υλστατεῖ
819 3577 864 3645 Ολ
888 3577 1002 3646 ταῦτιλν
1021 3585 1057 3647 δέ
1078 3607 1178 3668 φασιν
1198 3575 1338 3648 εἶναι
1303 3608 1336 3672 τη

68 3681 117 3721 ⁰⁰⁴
129 3682 142 3721 ¹
154 3671 328 3774 1851’.φορᾷ
342 3665 396 3744 τλην
417 3671 550 3746 κίνησιν.
597 3663 662 3744 Τῆν
682 3671 742 3749 μὲν
763 3665 824 3776 γῦρ
846 3672 969 3747 κίνησιν
988 3671 1113 3750 μᾶλλον
1129 3661 1215 3735 εἶναι’
1233 3668 1237 3744 Ι
1253 3691 1337 3779 φασι

231 3756 292 3819 τών
313 3748 375 3817 λπδ
398 3756 521 3836 γένεσιν
542 3757 596 3817 καὶ
618 3749 810 3838 φθοράν,
787 3778 830 3829 ως
820 3753 1098 3864 ἐπιδρχομένων
1098 3765 1167 3831 τοῖς
1186 3760 1263 3861 περὶ
1281 3749 1337 3819 αλ·

230 3838 268 3904 τῦ
296 3840 548 3945 θεωρουμένοις
562 3837 598 3903 τδ
625 3841 748 3920 μᾶλλον
776 3845 829 3905 καὶ
858 3865 894 3904 το
917 3865 1011 3919 ηττον
1043 3837 1130 3952 (κιλν
1137 3840 1191 3906 ἐπὶ
1213 3840 1337 3945 πόντιρι

231 3921 314 4008 δμοῦ
343 3931 404 3990 τών
431 3926 565 4007 γενητών
587 3930 702 4008 κυρίως
722 3924 875 4035 λέγεσθαι
898 3922 1062 4035 δυνατόν),
1094 3925 1153 4006 τήν
1174 3929 1211 3992 66
1232 3922 1338 4012 φορδν

230 4014 283 4089 τῆς
313 4011 394 4075 νἰατά
421 4010 536 4076 κῦκλον
562 4014 746 4095 κινουμένης
774 4007 887 4088 οιλσίας
907 4017 960 4077 καὶ
983 4008 1152 4122 υἷκαμότως
1174 4009 1229 4092 τήν
1250 4037 1336 4100 περι·
1379 4064 1382 4069 .

230 4096 360 4173 δίνησιν
410 4089 475 4161 Οῦκ
504 4089 578 4160 ολδα
605 4096 744 4182 πότερον
770 4093 970 4206 θαρρησαντι
1000 4103 1074 4185 περὶ
1097 4096 1132 4164 τδ
1156 4102 1220 4163 πῦν
1242 4123 1337 4207 φασι·
1378 4116 1382 4121 “

228 4183 292 4256 ’κώς
320 4180 505 4294 ἐνεργούσης
534 4185 635 4265 λέγειν
665 4181 752 4251 ἐστὶν
781 4179 964 4269 ιλσφαλὲς’
951 4211 968 4264 η
964 4181 1232 4290 ἐνεργουμένης,
1259 4182 1337 4265 πλιλν
1378 4216 1382 4233 ·

230 4265 282 4330 δτι
311 4274 427 4372 κυρίως
454 4268 556 4334 εἰπεῖν
583 4267 671 4335 ἐστιν
698 4265 983 4382 ἐνεργουμένης“
948 4296 983 4336 το
1015 4274 1186 4380 φέρεσθαι.
1238 4269 1336 4338 Ολδδι

228 4349 291 4438 γὰρ
314 4355 375 4418 τών
397 4350 498 4420 όντων
518 4361 679 4432 παντελοῦς
701 4355 787 4424 ἔστιν
808 4353 1092 4451 αῦτενέργητον,““’
1070 4382 1120 4424 οτι
1141 4360 1224 4443 μηδὲ
1246 4354 1335 4426 εἷναί·
