<?xml version="1.0" encoding="UTF-8"?>
<!DOCTYPE html PUBLIC "-//W3C//DTD XHTML 1.0 Transitional//EN"
    "http://www.w3.org/TR/xhtml1/DTD/xhtml1-transitional.dtd">
<html xmlns="http://www.w3.org/1999/xhtml" xml:lang="en" lang="en">
 <head>
  <title>
</title>
<meta http-equiv="Content-Type" content="text/html;charset=utf-8" />
  <meta name='ocr-system' content='tesseract 3.04.00' />
  <meta name='ocr-capabilities' content='ocr_page ocr_carea ocr_par ocr_line ocrx_word'/>
</head>
<body>
  <div class='ocr_page' id='page_1' title='image "./sanctipatrisnos00maxigoog_0082.png"; bbox 0 0 2752 4778; ppageno 0'>
   <div class='ocr_carea' id='block_1_1' title="bbox 1145 140 1193 215">
    <p class='ocr_par' dir='ltr' id='par_1_1' title="bbox 1145 140 1193 215">
     <span class='ocr_line' id='line_1_1' title="bbox 1145 140 1193 215; baseline -0.021 0"><span class='ocrx_word' id='word_1_1' title='bbox 1145 140 1193 215; x_wconf 74' lang='lat' dir='ltr'>rt</span> 
     </span>
    </p>
   </div>
   <div class='ocr_carea' id='block_1_2' title="bbox 108 326 1199 4092">
    <p class='ocr_par' dir='ltr' id='par_1_2' title="bbox 158 326 1196 488">
     <span class='ocr_line' id='line_1_2' title="bbox 158 326 1195 401; baseline -0.002 -11"><span class='ocrx_word' id='word_1_2' title='bbox 158 396 162 401; x_wconf 64' lang='grc'>,</span> <span class='ocrx_word' id='word_1_3' title='bbox 214 346 243 390; x_wconf 84' lang='lat' dir='ltr'>er</span> <span class='ocrx_word' id='word_1_4' title='bbox 271 345 330 389; x_wconf 93' lang='lat' dir='ltr'>non</span> <span class='ocrx_word' id='word_1_5' title='bbox 363 330 564 388; x_wconf 85' lang='lat' dir='ltr'>existentibus</span> <span class='ocrx_word' id='word_1_6' title='bbox 595 344 664 387; x_wconf 87' lang='lat' dir='ltr'>esse</span> <span class='ocrx_word' id='word_1_7' title='bbox 695 326 804 401; x_wconf 86' lang='lat' dir='ltr'>accipit</span> <span class='ocrx_word' id='word_1_8' title='bbox 833 331 987 396; x_wconf 87' lang='lat' dir='ltr'>moretur,</span> <span class='ocrx_word' id='word_1_9' title='bbox 1021 330 1126 389; x_wconf 92' lang='lat' dir='ltr'>merito</span> <span class='ocrx_word' id='word_1_10' title='bbox 1158 328 1195 388; x_wconf 86' lang='lat' dir='ltr'>ud</span> 
     </span>
     <span class='ocr_line' id='line_1_3' title="bbox 192 411 1196 488; baseline -0.003 -12"><span class='ocrx_word' id='word_1_11' title='bbox 192 416 247 476; x_wconf 79' lang='lat' dir='ltr'>duur</span> <span class='ocrx_word' id='word_1_12' title='bbox 267 415 390 475; x_wconf 91' lang='lat' dir='ltr'>omnino</span> <span class='ocrx_word' id='word_1_13' title='bbox 413 415 506 474; x_wconf 85' lang='lat' dir='ltr'>lerlur</span> <span class='ocrx_word' id='word_1_14' title='bbox 530 431 671 487; x_wconf 90' lang='lat' dir='ltr'>cansam;</span> <span class='ocrx_word' id='word_1_15' title='bbox 701 411 838 472; x_wconf 90' lang='lat' dir='ltr'>nondum</span> <span class='ocrx_word' id='word_1_16' title='bbox 861 429 933 472; x_wconf 85' lang='lat' dir='ltr'>vero</span> <span class='ocrx_word' id='word_1_17' title='bbox 957 414 1038 488; x_wconf 85' lang='lat' dir='ltr'>quod</span> <span class='ocrx_word' id='word_1_18' title='bbox 1059 421 1196 476; x_wconf 85' lang='lat' dir='ltr'>movetur</span> 
     </span>
    </p>

    <p class='ocr_par' dir='ltr' id='par_1_3' title="bbox 181 499 1198 745">
     <span class='ocr_line' id='line_1_4' title="bbox 181 499 1197 577; baseline 0 -17"><span class='ocrx_word' id='word_1_19' title='bbox 181 544 188 577; x_wconf 88' lang='lat'>,</span> <span class='ocrx_word' id='word_1_20' title='bbox 214 504 272 562; x_wconf 90' lang='lat' dir='ltr'>iure</span> <span class='ocrx_word' id='word_1_21' title='bbox 301 506 438 562; x_wconf 82' lang='lat' dir='ltr'>extremo</span> <span class='ocrx_word' id='word_1_22' title='bbox 471 502 509 560; x_wconf 86' lang='lat' dir='ltr'>ud</span> <span class='ocrx_word' id='word_1_23' title='bbox 533 501 664 575; x_wconf 78' lang='lat' dir='ltr'>quietem</span> <span class='ocrx_word' id='word_1_24' title='bbox 690 499 807 557; x_wconf 87' lang='lat' dir='ltr'>virtutis</span> <span class='ocrx_word' id='word_1_25' title='bbox 832 505 948 569; x_wconf 89' lang='lat' dir='ltr'>motae,</span> <span class='ocrx_word' id='word_1_26' title='bbox 985 516 1063 574; x_wconf 89' lang='lat' dir='ltr'>quae</span> <span class='ocrx_word' id='word_1_27' title='bbox 1086 518 1197 562; x_wconf 87' lang='lat' dir='ltr'>sccun-</span> 
     </span>
     <span class='ocr_line' id='line_1_5' title="bbox 197 583 1195 662; baseline -0.002 -15"><span class='ocrx_word' id='word_1_28' title='bbox 197 587 369 648; x_wconf 89' lang='lat' dir='ltr'>desiderium</span> <span class='ocrx_word' id='word_1_29' title='bbox 390 593 453 656; x_wconf 88' lang='lat' dir='ltr'>est,</span> <span class='ocrx_word' id='word_1_30' title='bbox 476 587 611 647; x_wconf 89' lang='lat' dir='ltr'>nondum</span> <span class='ocrx_word' id='word_1_31' title='bbox 631 587 754 662; x_wconf 87' lang='lat' dir='ltr'>largito:</span> <span class='ocrx_word' id='word_1_32' title='bbox 784 583 858 642; x_wconf 88' lang='lat' dir='ltr'>nihil</span> <span class='ocrx_word' id='word_1_33' title='bbox 878 586 958 643; x_wconf 93' lang='lat' dir='ltr'>enim</span> <span class='ocrx_word' id='word_1_34' title='bbox 976 585 1058 647; x_wconf 89' lang='lat' dir='ltr'>aliud</span> <span class='ocrx_word' id='word_1_35' title='bbox 1076 589 1195 660; x_wconf 89' lang='lat' dir='ltr'>sistere,</span> 
     </span>
     <span class='ocr_line' id='line_1_6' title="bbox 203 671 1198 745; baseline -0.002 -10"><span class='ocrx_word' id='word_1_36' title='bbox 203 674 287 735; x_wconf 88' lang='lat' dir='ltr'>lertur</span> <span class='ocrx_word' id='word_1_37' title='bbox 309 673 481 733; x_wconf 88' lang='lat' dir='ltr'>secundum</span> <span class='ocrx_word' id='word_1_38' title='bbox 505 681 662 745; x_wconf 86' lang='lat' dir='ltr'>naturam,</span> <span class='ocrx_word' id='word_1_39' title='bbox 687 671 860 743; x_wconf 89' lang='lat' dir='ltr'>consuevit,</span> <span class='ocrx_word' id='word_1_40' title='bbox 884 687 975 745; x_wconf 85' lang='lat' dir='ltr'>quam</span> <span class='ocrx_word' id='word_1_41' title='bbox 997 671 1071 732; x_wconf 91' lang='lat' dir='ltr'>illud</span> <span class='ocrx_word' id='word_1_42' title='bbox 1093 678 1198 733; x_wconf 88' lang='lat' dir='ltr'>osten·</span> 
     </span>
    </p>

    <p class='ocr_par' dir='ltr' id='par_1_4' title="bbox 182 758 1196 834">
     <span class='ocr_line' id='line_1_7' title="bbox 182 758 1196 834; baseline 0 -15"><span class='ocrx_word' id='word_1_43' title='bbox 182 779 188 819; x_wconf 91' lang='lat'>:</span> <span class='ocrx_word' id='word_1_44' title='bbox 214 759 326 821; x_wconf 91' lang='lat' dir='ltr'>nullum</span> <span class='ocrx_word' id='word_1_45' title='bbox 357 761 459 834; x_wconf 85' lang='lat' dir='ltr'>itaque</span> <span class='ocrx_word' id='word_1_46' title='bbox 489 764 602 820; x_wconf 89' lang='lat' dir='ltr'>motum</span> <span class='ocrx_word' id='word_1_47' title='bbox 634 763 711 826; x_wconf 88' lang='lat' dir='ltr'>stat,</span> <span class='ocrx_word' id='word_1_48' title='bbox 740 761 846 832; x_wconf 90' lang='lat' dir='ltr'>utpote</span> <span class='ocrx_word' id='word_1_49' title='bbox 869 758 1035 817; x_wconf 84' lang='lat' dir='ltr'>novissimo</span> <span class='ocrx_word' id='word_1_50' title='bbox 1060 760 1196 819; x_wconf 91' lang='lat' dir='ltr'>nondum</span> 
     </span>
    </p>

    <p class='ocr_par' dir='ltr' id='par_1_5' title="bbox 167 842 1197 1092">
     <span class='ocr_line' id='line_1_8' title="bbox 195 842 1195 923; baseline -0.002 -17"><span class='ocrx_word' id='word_1_51' title='bbox 195 847 232 907; x_wconf 90' lang='lat' dir='ltr'>sis</span> <span class='ocrx_word' id='word_1_52' title='bbox 258 848 344 916; x_wconf 82' lang='lat' dir='ltr'>riso,</span> <span class='ocrx_word' id='word_1_53' title='bbox 377 847 522 923; x_wconf 88' lang='lat' dir='ltr'>quoniam</span> <span class='ocrx_word' id='word_1_54' title='bbox 553 861 652 919; x_wconf 91' lang='lat' dir='ltr'>neque</span> <span class='ocrx_word' id='word_1_55' title='bbox 681 842 753 901; x_wconf 91' lang='lat' dir='ltr'>illud</span> <span class='ocrx_word' id='word_1_56' title='bbox 783 842 894 901; x_wconf 91' lang='lat' dir='ltr'>alicubi</span> <span class='ocrx_word' id='word_1_57' title='bbox 918 858 1068 917; x_wconf 87' lang='lat' dir='ltr'>apparens</span> <span class='ocrx_word' id='word_1_58' title='bbox 1091 863 1195 905; x_wconf 91' lang='lat' dir='ltr'>eorum</span> 
     </span>
     <span class='ocr_line' id='line_1_9' title="bbox 169 927 1197 993; baseline -0.001 -1"><span class='ocrx_word' id='word_1_59' title='bbox 169 935 272 993; x_wconf 87' lang='lat' dir='ltr'>eclrca</span> <span class='ocrx_word' id='word_1_60' title='bbox 296 947 330 993; x_wconf 88' lang='lat' dir='ltr'>se</span> <span class='ocrx_word' id='word_1_61' title='bbox 352 931 489 992; x_wconf 85' lang='lat' dir='ltr'>feruntur</span> <span class='ocrx_word' id='word_1_62' title='bbox 512 937 627 992; x_wconf 91' lang='lat' dir='ltr'>motum</span> <span class='ocrx_word' id='word_1_63' title='bbox 650 929 836 988; x_wconf 78' lang='lat' dir='ltr'>stabilitavit.</span> <span class='ocrx_word' id='word_1_64' title='bbox 883 927 914 986; x_wconf 90' lang='lat' dir='ltr'>Si</span> <span class='ocrx_word' id='word_1_65' title='bbox 937 935 1040 988; x_wconf 85' lang='lat' dir='ltr'>autem</span> <span class='ocrx_word' id='word_1_66' title='bbox 1065 931 1123 991; x_wconf 91' lang='lat' dir='ltr'>boc</span> <span class='ocrx_word' id='word_1_67' title='bbox 1143 931 1197 990; x_wconf 85' lang='lat' dir='ltr'>ali-</span> 
     </span>
     <span class='ocr_line' id='line_1_10' title="bbox 167 1015 1197 1092; baseline -0.003 -13"><span class='ocrx_word' id='word_1_68' title='bbox 167 1018 213 1079; x_wconf 90' lang='lat' dir='ltr'>odo</span> <span class='ocrx_word' id='word_1_69' title='bbox 233 1019 331 1078; x_wconf 87' lang='lat' dir='ltr'>luisse</span> <span class='ocrx_word' id='word_1_70' title='bbox 354 1034 392 1077; x_wconf 88' lang='lat' dir='ltr'>ox</span> <span class='ocrx_word' id='word_1_71' title='bbox 415 1025 579 1092; x_wconf 90' lang='lat' dir='ltr'>praecepto</span> <span class='ocrx_word' id='word_1_72' title='bbox 602 1018 722 1087; x_wconf 88' lang='lat' dir='ltr'>iubent,</span> <span class='ocrx_word' id='word_1_73' title='bbox 747 1019 777 1074; x_wconf 91' lang='lat' dir='ltr'>et</span> <span class='ocrx_word' id='word_1_74' title='bbox 798 1030 851 1087; x_wconf 84' lang='lat' dir='ltr'>ex,</span> <span class='ocrx_word' id='word_1_75' title='bbox 876 1015 904 1072; x_wconf 90' lang='lat' dir='ltr'>in</span> <span class='ocrx_word' id='word_1_76' title='bbox 930 1017 1095 1077; x_wconf 92' lang='lat' dir='ltr'>novissimo</span> <span class='ocrx_word' id='word_1_77' title='bbox 1114 1018 1197 1076; x_wconf 90' lang='lat' dir='ltr'>vide-</span> 
     </span>
    </p>

    <p class='ocr_par' dir='ltr' id='par_1_6' title="bbox 108 1100 1199 4092">
     <span class='ocr_line' id='line_1_11' title="bbox 186 1100 1196 1181; baseline -0.003 -16"><span class='ocrx_word' id='word_1_78' title='bbox 186 1112 213 1166; x_wconf 89' lang='lat' dir='ltr'>et</span> <span class='ocrx_word' id='word_1_79' title='bbox 232 1106 422 1181; x_wconf 74' lang='lat' dir='ltr'>permanenti</span> <span class='ocrx_word' id='word_1_80' title='bbox 445 1103 532 1177; x_wconf 89' lang='lat' dir='ltr'>dato,</span> <span class='ocrx_word' id='word_1_81' title='bbox 556 1103 754 1163; x_wconf 76' lang='lat' dir='ltr'>collocatione</span> <span class='ocrx_word' id='word_1_82' title='bbox 778 1105 808 1160; x_wconf 89' lang='lat' dir='ltr'>et</span> <span class='ocrx_word' id='word_1_83' title='bbox 826 1102 986 1160; x_wconf 91' lang='lat' dir='ltr'>mansione</span> <span class='ocrx_word' id='word_1_84' title='bbox 1005 1100 1196 1177; x_wconf 80' lang='lat' dir='ltr'>³permotatu</span> 
     </span>
     <span class='ocr_line' id='line_1_12' title="bbox 155 1186 1194 1265; baseline -0.002 -16"><span class='ocrx_word' id='word_1_85' title='bbox 155 1190 280 1252; x_wconf 89' lang='lat' dir='ltr'>&#39;onubilia</span> <span class='ocrx_word' id='word_1_86' title='bbox 303 1190 525 1265; x_wconf 82' lang='lat' dir='ltr'>dispersionem</span> <span class='ocrx_word' id='word_1_87' title='bbox 549 1194 748 1265; x_wconf 86' lang='lat' dir='ltr'>acceperunt,</span> <span class='ocrx_word' id='word_1_88' title='bbox 772 1193 805 1246; x_wconf 90' lang='lat' dir='ltr'>ut</span> <span class='ocrx_word' id='word_1_89' title='bbox 829 1203 887 1246; x_wconf 91' lang='lat' dir='ltr'>non</span> <span class='ocrx_word' id='word_1_90' title='bbox 911 1186 1065 1261; x_wconf 83' lang='lat' dir='ltr'>superflua</span> <span class='ocrx_word' id='word_1_91' title='bbox 1085 1189 1194 1253; x_wconf 83' lang='lat' dir='ltr'>dicam.</span> 
     </span>
     <span class='ocr_line' id='line_1_13' title="bbox 163 1274 1195 1356; baseline 0 -20"><span class='ocrx_word' id='word_1_92' title='bbox 163 1276 192 1336; x_wconf 93' lang='lat' dir='ltr'>lis</span> <span class='ocrx_word' id='word_1_93' title='bbox 219 1277 414 1353; x_wconf 74' lang='lat' dir='ltr'>approbatio,</span> <span class='ocrx_word' id='word_1_94' title='bbox 446 1276 571 1336; x_wconf 89' lang='lat' dir='ltr'>eosdem</span> <span class='ocrx_word' id='word_1_95' title='bbox 600 1278 631 1334; x_wconf 89' lang='lat' dir='ltr'>in</span> <span class='ocrx_word' id='word_1_96' title='bbox 661 1290 696 1333; x_wconf 89' lang='lat' dir='ltr'>se</span> <span class='ocrx_word' id='word_1_97' title='bbox 725 1274 799 1356; x_wconf 83' lang='lat' dir='ltr'>ipsis</span> <span class='ocrx_word' id='word_1_98' title='bbox 831 1274 1035 1333; x_wconf 78' lang='lat' dir='ltr'>in&#39;inlmitmn</span> <span class='ocrx_word' id='word_1_99' title='bbox 1059 1275 1195 1336; x_wconf 89' lang='lat' dir='ltr'>habitum</span> 
     </span>
     <span class='ocr_line' id='line_1_14' title="bbox 114 1359 1195 1437; baseline -0.002 -15"><span class='ocrx_word' id='word_1_100' title='bbox 114 1363 281 1424; x_wconf 69' lang='lat' dir='ltr'>bdouabilia</span> <span class='ocrx_word' id='word_1_101' title='bbox 303 1363 412 1437; x_wconf 90' lang='lat' dir='ltr'>lapsus</span> <span class='ocrx_word' id='word_1_102' title='bbox 435 1378 473 1421; x_wconf 89' lang='lat' dir='ltr'>ex</span> <span class='ocrx_word' id='word_1_103' title='bbox 497 1362 680 1423; x_wconf 86' lang='lat' dir='ltr'>necessitate</span> <span class='ocrx_word' id='word_1_104' title='bbox 703 1361 781 1418; x_wconf 92' lang='lat' dir='ltr'>iuste</span> <span class='ocrx_word' id='word_1_105' title='bbox 805 1359 1007 1420; x_wconf 88' lang='lat' dir='ltr'>sustinebunt.</span> <span class='ocrx_word' id='word_1_106' title='bbox 1065 1365 1088 1420; x_wconf 85' lang='lat' dir='ltr'><strong>A</strong></span> <span class='ocrx_word' id='word_1_107' title='bbox 1113 1360 1195 1420; x_wconf 92' lang='lat' dir='ltr'>nullo</span> 
     </span>
     <span class='ocr_line' id='line_1_15' title="bbox 111 1445 1196 1526; baseline -0.002 -17"><span class='ocrx_word' id='word_1_108' title='bbox 111 1449 173 1511; x_wconf 64' lang='lat' dir='ltr'>nim</span> <span class='ocrx_word' id='word_1_109' title='bbox 194 1467 248 1526; x_wconf 90' lang='lat' dir='ltr'>per</span> <span class='ocrx_word' id='word_1_110' title='bbox 270 1449 511 1525; x_wconf 84' lang='lat' dir='ltr'>experimentum</span> <span class='ocrx_word' id='word_1_111' title='bbox 536 1445 699 1524; x_wconf 91' lang='lat' dir='ltr'>spernendi</span> <span class='ocrx_word' id='word_1_112' title='bbox 722 1445 817 1506; x_wconf 89' lang='lat' dir='ltr'>semel</span> <span class='ocrx_word' id='word_1_113' title='bbox 841 1447 1068 1517; x_wconf 85' lang='lat' dir='ltr'>corroboratur,</span> <span class='ocrx_word' id='word_1_114' title='bbox 1098 1463 1196 1521; x_wconf 86' lang='lat' dir='ltr'>neque</span> 
     </span>
     <span class='ocr_line' id='line_1_16' title="bbox 111 1522 1197 1606; baseline -0.004 -11"><span class='ocrx_word' id='word_1_115' title='bbox 111 1522 303 1597; x_wconf 54' lang='lat' dir='ltr'>&amp;aeternum</span> <span class='ocrx_word' id='word_1_116' title='bbox 326 1531 552 1595; x_wconf 86' lang='lat' dir='ltr'>corroboratum</span> <span class='ocrx_word' id='word_1_117' title='bbox 576 1535 611 1593; x_wconf 90' lang='lat' dir='ltr'>iri</span> <span class='ocrx_word' id='word_1_118' title='bbox 633 1532 696 1592; x_wconf 90' lang='lat' dir='ltr'>ulla</span> <span class='ocrx_word' id='word_1_119' title='bbox 714 1531 878 1606; x_wconf 90' lang='lat' dir='ltr'>prohibens</span> <span class='ocrx_word' id='word_1_120' title='bbox 901 1533 957 1592; x_wconf 89' lang='lat' dir='ltr'>erit</span> <span class='ocrx_word' id='word_1_121' title='bbox 978 1533 1062 1592; x_wconf 89' lang='lat' dir='ltr'>ratio.</span> <span class='ocrx_word' id='word_1_122' title='bbox 1116 1531 1197 1594; x_wconf 84' lang='lat' dir='ltr'>Ferri</span> 
     </span>
     <span class='ocr_line' id='line_1_17' title="bbox 111 1618 1195 1707; baseline -0.005 -25"><span class='ocrx_word' id='word_1_123' title='bbox 111 1628 164 1683; x_wconf 73' lang='lat' dir='ltr'>lem</span> <span class='ocrx_word' id='word_1_124' title='bbox 191 1622 236 1681; x_wconf 92' lang='lat' dir='ltr'>sic</span> <span class='ocrx_word' id='word_1_125' title='bbox 264 1620 471 1694; x_wconf 84' lang='lat' dir='ltr'>rationabilia,</span> <span class='ocrx_word' id='word_1_126' title='bbox 501 1629 532 1682; x_wconf 91' lang='lat' dir='ltr'>et</span> <span class='ocrx_word' id='word_1_127' title='bbox 559 1619 673 1679; x_wconf 90' lang='lat' dir='ltr'>nullam</span> <span class='ocrx_word' id='word_1_128' title='bbox 703 1618 816 1707; x_wconf 73' lang='lat' dir='ltr'>babere</span> <span class='ocrx_word' id='word_1_129' title='bbox 844 1619 893 1678; x_wconf 89' lang='lat' dir='ltr'>vel</span> <span class='ocrx_word' id='word_1_130' title='bbox 923 1618 1077 1694; x_wconf 90' lang='lat' dir='ltr'>sperando</span> <span class='ocrx_word' id='word_1_131' title='bbox 1101 1621 1195 1679; x_wconf 86' lang='lat' dir='ltr'>basim</span> 
     </span>
     <span class='ocr_line' id='line_1_18' title="bbox 111 1704 1196 1779; baseline -0.006 -11"><span class='ocrx_word' id='word_1_132' title='bbox 111 1708 273 1769; x_wconf 77' lang='lat' dir='ltr'>moobilem</span> <span class='ocrx_word' id='word_1_133' title='bbox 306 1709 336 1766; x_wconf 95' lang='lat' dir='ltr'>in</span> <span class='ocrx_word' id='word_1_134' title='bbox 371 1709 450 1766; x_wconf 92' lang='lat' dir='ltr'>bono</span> <span class='ocrx_word' id='word_1_135' title='bbox 478 1708 613 1776; x_wconf 87' lang='lat' dir='ltr'>fixurae,</span> <span class='ocrx_word' id='word_1_136' title='bbox 650 1705 721 1779; x_wconf 88' lang='lat' dir='ltr'>quid</span> <span class='ocrx_word' id='word_1_137' title='bbox 752 1704 833 1764; x_wconf 92' lang='lat' dir='ltr'>aliud</span> <span class='ocrx_word' id='word_1_138' title='bbox 861 1706 944 1764; x_wconf 88' lang='lat' dir='ltr'>lieret</span> <span class='ocrx_word' id='word_1_139' title='bbox 973 1704 1196 1765; x_wconf 62' lang='lat' dir='ltr'>miserabilius?</span> 
     </span>
     <span class='ocr_line' id='line_1_19' title="bbox 110 1784 1195 1868; baseline -0.001 -18"><span class='ocrx_word' id='word_1_140' title='bbox 110 1784 223 1855; x_wconf 79' lang='lat' dir='ltr'>livero</span> <span class='ocrx_word' id='word_1_141' title='bbox 252 1808 346 1868; x_wconf 91' lang='lat' dir='ltr'>posse</span> <span class='ocrx_word' id='word_1_142' title='bbox 376 1791 496 1867; x_wconf 85' lang='lat' dir='ltr'>quidem</span> <span class='ocrx_word' id='word_1_143' title='bbox 527 1792 673 1861; x_wconf 87' lang='lat' dir='ltr'>dixerint,</span> <span class='ocrx_word' id='word_1_144' title='bbox 705 1791 784 1849; x_wconf 88' lang='lat' dir='ltr'>nolle</span> <span class='ocrx_word' id='word_1_145' title='bbox 808 1807 895 1862; x_wconf 87' lang='lat' dir='ltr'>vero,</span> <span class='ocrx_word' id='word_1_146' title='bbox 927 1792 983 1850; x_wconf 90' lang='lat' dir='ltr'>nisi</span> <span class='ocrx_word' id='word_1_147' title='bbox 1007 1807 1061 1866; x_wconf 91' lang='lat' dir='ltr'>per</span> <span class='ocrx_word' id='word_1_148' title='bbox 1084 1787 1195 1850; x_wconf 77' lang='lat' dir='ltr'>fuctum</span> 
     </span>
     <span class='ocr_line' id='line_1_20' title="bbox 111 1877 1197 1955; baseline 0.001 -20"><span class='ocrx_word' id='word_1_149' title='bbox 111 1882 232 1940; x_wconf 82' lang='lat' dir='ltr'>cotrarii</span> <span class='ocrx_word' id='word_1_150' title='bbox 262 1880 520 1955; x_wconf 85' lang='lat' dir='ltr'>experimentum,</span> <span class='ocrx_word' id='word_1_151' title='bbox 550 1885 580 1938; x_wconf 91' lang='lat' dir='ltr'>el</span> <span class='ocrx_word' id='word_1_152' title='bbox 608 1880 651 1936; x_wconf 89' lang='lat' dir='ltr'>sic</span> <span class='ocrx_word' id='word_1_153' title='bbox 682 1893 741 1935; x_wconf 94' lang='lat' dir='ltr'>non</span> <span class='ocrx_word' id='word_1_154' title='bbox 766 1893 819 1952; x_wconf 89' lang='lat' dir='ltr'>per</span> <span class='ocrx_word' id='word_1_155' title='bbox 842 1895 875 1936; x_wconf 91' lang='lat' dir='ltr'>se</span> <span class='ocrx_word' id='word_1_156' title='bbox 898 1879 997 1952; x_wconf 89' lang='lat' dir='ltr'>ipsum</span> <span class='ocrx_word' id='word_1_157' title='bbox 1020 1882 1052 1936; x_wconf 87' lang='lat' dir='ltr'>ut</span> <span class='ocrx_word' id='word_1_158' title='bbox 1075 1877 1197 1947; x_wconf 91' lang='lat' dir='ltr'>bonum,</span> 
     </span>
     <span class='ocr_line' id='line_1_21' title="bbox 110 1963 1198 2042; baseline -0.004 -16"><span class='ocrx_word' id='word_1_159' title='bbox 110 1967 145 2026; x_wconf 80' lang='lat' dir='ltr'>ed</span> <span class='ocrx_word' id='word_1_160' title='bbox 175 1983 231 2042; x_wconf 88' lang='lat' dir='ltr'>per</span> <span class='ocrx_word' id='word_1_161' title='bbox 260 1967 460 2035; x_wconf 89' lang='lat' dir='ltr'>contrarium,</span> <span class='ocrx_word' id='word_1_162' title='bbox 494 1966 549 2024; x_wconf 86' lang='lat' dir='ltr'>crit</span> <span class='ocrx_word' id='word_1_163' title='bbox 578 1966 622 2023; x_wconf 88' lang='lat' dir='ltr'>eis</span> <span class='ocrx_word' id='word_1_164' title='bbox 653 1966 764 2023; x_wconf 91' lang='lat' dir='ltr'>bonum</span> <span class='ocrx_word' id='word_1_165' title='bbox 788 1979 825 2020; x_wconf 88' lang='lat' dir='ltr'>ex</span> <span class='ocrx_word' id='word_1_166' title='bbox 850 1966 1034 2025; x_wconf 80' lang='lat' dir='ltr'>necessitate</span> <span class='ocrx_word' id='word_1_167' title='bbox 1057 1963 1198 2032; x_wconf 85' lang='lat' dir='ltr'>arnabile,</span> 
     </span>
     <span class='ocr_line' id='line_1_22' title="bbox 110 2049 1194 2124; baseline -0.004 -14"><span class='ocrx_word' id='word_1_168' title='bbox 110 2055 122 2110; x_wconf 89' lang='lat' dir='ltr'>l</span> <span class='ocrx_word' id='word_1_169' title='bbox 147 2069 270 2114; x_wconf 90' lang='lat' dir='ltr'>ornnem</span> <span class='ocrx_word' id='word_1_170' title='bbox 301 2053 340 2112; x_wconf 92' lang='lat' dir='ltr'>ad</span> <span class='ocrx_word' id='word_1_171' title='bbox 366 2070 400 2111; x_wconf 89' lang='lat' dir='ltr'>sc</span> <span class='ocrx_word' id='word_1_172' title='bbox 424 2068 484 2116; x_wconf 82' lang='lat' dir='ltr'>nan</span> <span class='ocrx_word' id='word_1_173' title='bbox 508 2051 664 2124; x_wconf 84' lang='lat' dir='ltr'>attrahens</span> <span class='ocrx_word' id='word_1_174' title='bbox 688 2054 817 2121; x_wconf 90' lang='lat' dir='ltr'>motum,</span> <span class='ocrx_word' id='word_1_175' title='bbox 850 2066 908 2108; x_wconf 93' lang='lat' dir='ltr'>non</span> <span class='ocrx_word' id='word_1_176' title='bbox 932 2055 979 2108; x_wconf 90' lang='lat' dir='ltr'>ost</span> <span class='ocrx_word' id='word_1_177' title='bbox 1003 2049 1120 2123; x_wconf 90' lang='lat' dir='ltr'>proprie</span> <span class='ocrx_word' id='word_1_178' title='bbox 1145 2051 1194 2106; x_wconf 93' lang='lat' dir='ltr'>bo-</span> 
     </span>
     <span class='ocr_line' id='line_1_23' title="bbox 113 2135 1197 2214; baseline -0.009 -14"><span class='ocrx_word' id='word_1_179' title='bbox 113 2155 173 2200; x_wconf 86' lang='lat' dir='ltr'>um.</span> <span class='ocrx_word' id='word_1_180' title='bbox 229 2141 274 2198; x_wconf 86' lang='lat' dir='ltr'>Ac</span> <span class='ocrx_word' id='word_1_181' title='bbox 301 2153 354 2214; x_wconf 88' lang='lat' dir='ltr'>per</span> <span class='ocrx_word' id='word_1_182' title='bbox 385 2138 442 2198; x_wconf 90' lang='lat' dir='ltr'>boc</span> <span class='ocrx_word' id='word_1_183' title='bbox 473 2152 571 2212; x_wconf 87' lang='lat' dir='ltr'>neque</span> <span class='ocrx_word' id='word_1_184' title='bbox 595 2136 727 2198; x_wconf 85' lang='lat' dir='ltr'>attrahat</span> <span class='ocrx_word' id='word_1_185' title='bbox 749 2137 827 2194; x_wconf 91' lang='lat' dir='ltr'>iuste</span> <span class='ocrx_word' id='word_1_186' title='bbox 850 2135 1063 2195; x_wconf 87' lang='lat' dir='ltr'>delectantium</span> <span class='ocrx_word' id='word_1_187' title='bbox 1088 2151 1122 2194; x_wconf 92' lang='lat' dir='ltr'>se</span> <span class='ocrx_word' id='word_1_188' title='bbox 1144 2135 1197 2191; x_wconf 87' lang='lat' dir='ltr'>de-</span> 
     </span>
     <span class='ocr_line' id='line_1_24' title="bbox 110 2221 1195 2298; baseline -0.006 -13"><span class='ocrx_word' id='word_1_189' title='bbox 110 2224 255 2298; x_wconf 87' lang='lat' dir='ltr'>lderium,</span> <span class='ocrx_word' id='word_1_190' title='bbox 289 2223 345 2285; x_wconf 90' lang='lat' dir='ltr'>sed</span> <span class='ocrx_word' id='word_1_191' title='bbox 372 2230 402 2283; x_wconf 92' lang='lat' dir='ltr'>et</span> <span class='ocrx_word' id='word_1_192' title='bbox 432 2224 547 2298; x_wconf 83' lang='lat' dir='ltr'>gratias</span> <span class='ocrx_word' id='word_1_193' title='bbox 577 2227 672 2282; x_wconf 87' lang='lat' dir='ltr'>restat</span> <span class='ocrx_word' id='word_1_194' title='bbox 700 2221 830 2280; x_wconf 85' lang='lat' dir='ltr'>confiteri</span> <span class='ocrx_word' id='word_1_195' title='bbox 855 2239 908 2281; x_wconf 89' lang='lat' dir='ltr'>eos</span> <span class='ocrx_word' id='word_1_196' title='bbox 931 2221 1011 2281; x_wconf 90' lang='lat' dir='ltr'>malo</span> <span class='ocrx_word' id='word_1_197' title='bbox 1035 2222 1083 2295; x_wconf 91' lang='lat' dir='ltr'>qui</span> <span class='ocrx_word' id='word_1_198' title='bbox 1106 2221 1195 2280; x_wconf 87' lang='lat' dir='ltr'>talam</span> 
     </span>
     <span class='ocr_line' id='line_1_25' title="bbox 110 2307 1196 2387; baseline -0.007 -15"><span class='ocrx_word' id='word_1_199' title='bbox 110 2317 263 2387; x_wconf 72' lang='lat' dir='ltr'>acuuntur</span> <span class='ocrx_word' id='word_1_200' title='bbox 291 2311 488 2386; x_wconf 87' lang='lat' dir='ltr'>sapientiam,</span> <span class='ocrx_word' id='word_1_201' title='bbox 518 2311 622 2369; x_wconf 88' lang='lat' dir='ltr'>merito</span> <span class='ocrx_word' id='word_1_202' title='bbox 656 2325 706 2383; x_wconf 82' lang='lat' dir='ltr'>pm</span> <span class='ocrx_word' id='word_1_203' title='bbox 736 2311 854 2382; x_wconf 89' lang='lat' dir='ltr'>ipsum,</span> <span class='ocrx_word' id='word_1_204' title='bbox 885 2307 964 2382; x_wconf 90' lang='lat' dir='ltr'>quod</span> <span class='ocrx_word' id='word_1_205' title='bbox 989 2322 1116 2366; x_wconf 88' lang='lat' dir='ltr'>necessa</span> <span class='ocrx_word' id='word_1_206' title='bbox 1140 2312 1196 2380; x_wconf 88' lang='lat' dir='ltr'>est,</span> 
     </span>
     <span class='ocr_line' id='line_1_26' title="bbox 110 2393 1196 2468; baseline -0.006 -9"><span class='ocrx_word' id='word_1_207' title='bbox 110 2399 263 2467; x_wconf 89' lang='lat' dir='ltr'>iscentes,</span> <span class='ocrx_word' id='word_1_208' title='bbox 296 2399 326 2456; x_wconf 91' lang='lat' dir='ltr'>iu</span> <span class='ocrx_word' id='word_1_209' title='bbox 357 2397 436 2456; x_wconf 92' lang='lat' dir='ltr'>bono</span> <span class='ocrx_word' id='word_1_210' title='bbox 466 2395 580 2456; x_wconf 92' lang='lat' dir='ltr'>scilicet</span> <span class='ocrx_word' id='word_1_211' title='bbox 603 2398 730 2456; x_wconf 87' lang='lat' dir='ltr'>fixuram</span> <span class='ocrx_word' id='word_1_212' title='bbox 755 2394 966 2468; x_wconf 84' lang='lat' dir='ltr'>quoquomodo</span> <span class='ocrx_word' id='word_1_213' title='bbox 988 2393 1101 2454; x_wconf 87' lang='lat' dir='ltr'>babere</span> <span class='ocrx_word' id='word_1_214' title='bbox 1123 2409 1196 2468; x_wconf 88' lang='lat' dir='ltr'>poe-</span> 
     </span>
     <span class='ocr_line' id='line_1_27' title="bbox 110 2478 1194 2565; baseline -0.004 -22"><span class='ocrx_word' id='word_1_215' title='bbox 110 2486 241 2558; x_wconf 88' lang='lat' dir='ltr'>itenles,</span> <span class='ocrx_word' id='word_1_216' title='bbox 264 2488 293 2542; x_wconf 89' lang='lat' dir='ltr'>et</span> <span class='ocrx_word' id='word_1_217' title='bbox 316 2485 542 2560; x_wconf 85' lang='lat' dir='ltr'>generationem</span> <span class='ocrx_word' id='word_1_218' title='bbox 567 2483 606 2542; x_wconf 90' lang='lat' dir='ltr'>ab</span> <span class='ocrx_word' id='word_1_219' title='bbox 629 2498 665 2541; x_wconf 90' lang='lat' dir='ltr'>eo</span> <span class='ocrx_word' id='word_1_220' title='bbox 687 2482 861 2565; x_wconf 76' lang='lat' dir='ltr'>necessario</span> <span class='ocrx_word' id='word_1_221' title='bbox 884 2481 1017 2550; x_wconf 87' lang='lat' dir='ltr'>dixerat,</span> <span class='ocrx_word' id='word_1_222' title='bbox 1047 2478 1194 2554; x_wconf 87' lang='lat' dir='ltr'>siquidem</span> 
     </span>
     <span class='ocr_line' id='line_1_28' title="bbox 110 2565 1196 2646; baseline -0.006 -16"><span class='ocrx_word' id='word_1_223' title='bbox 110 2572 212 2631; x_wconf 87' lang='lat' dir='ltr'>ibimet</span> <span class='ocrx_word' id='word_1_224' title='bbox 240 2570 468 2646; x_wconf 84' lang='lat' dir='ltr'>generationem</span> <span class='ocrx_word' id='word_1_225' title='bbox 498 2575 636 2628; x_wconf 89' lang='lat' dir='ltr'>astruere</span> <span class='ocrx_word' id='word_1_226' title='bbox 667 2573 831 2639; x_wconf 88' lang='lat' dir='ltr'>noverunt,</span> <span class='ocrx_word' id='word_1_227' title='bbox 863 2572 971 2626; x_wconf 89' lang='lat' dir='ltr'>notura</span> <span class='ocrx_word' id='word_1_228' title='bbox 1001 2567 1068 2642; x_wconf 91' lang='lat' dir='ltr'>ipsa</span> <span class='ocrx_word' id='word_1_229' title='bbox 1097 2565 1196 2625; x_wconf 91' lang='lat' dir='ltr'>utilio-</span> 
     </span>
     <span class='ocr_line' id='line_1_29' title="bbox 110 2652 1196 2735; baseline -0.003 -20"><span class='ocrx_word' id='word_1_230' title='bbox 110 2672 171 2735; x_wconf 79' lang='lat' dir='ltr'>em,</span> <span class='ocrx_word' id='word_1_231' title='bbox 198 2658 264 2717; x_wconf 86' lang='lat' dir='ltr'>iure</span> <span class='ocrx_word' id='word_1_232' title='bbox 293 2655 366 2716; x_wconf 91' lang='lat' dir='ltr'>dum</span> <span class='ocrx_word' id='word_1_233' title='bbox 399 2656 438 2714; x_wconf 91' lang='lat' dir='ltr'>sit</span> <span class='ocrx_word' id='word_1_234' title='bbox 466 2656 601 2730; x_wconf 90' lang='lat' dir='ltr'>prolicua</span> <span class='ocrx_word' id='word_1_235' title='bbox 634 2654 803 2713; x_wconf 91' lang='lat' dir='ltr'>secundum</span> <span class='ocrx_word' id='word_1_236' title='bbox 833 2670 936 2713; x_wconf 79' lang='lat' dir='ltr'>sorum</span> <span class='ocrx_word' id='word_1_237' title='bbox 969 2652 1136 2713; x_wconf 88' lang='lat' dir='ltr'>doctrinam</span> <span class='ocrx_word' id='word_1_238' title='bbox 1167 2660 1196 2713; x_wconf 83' lang='lat' dir='ltr'>et</span> 
     </span>
     <span class='ocr_line' id='line_1_30' title="bbox 110 2739 1196 2817; baseline -0.005 -14"><span class='ocrx_word' id='word_1_239' title='bbox 110 2742 226 2803; x_wconf 90' lang='lat' dir='ltr'>mnium</span> <span class='ocrx_word' id='word_1_240' title='bbox 249 2741 408 2817; x_wconf 88' lang='lat' dir='ltr'>pretiosior</span> <span class='ocrx_word' id='word_1_241' title='bbox 429 2743 598 2816; x_wconf 88' lang='lat' dir='ltr'>possessio.</span> <span class='ocrx_word' id='word_1_242' title='bbox 654 2739 697 2799; x_wconf 82' lang='lat' dir='ltr'>Ex</span> <span class='ocrx_word' id='word_1_243' title='bbox 721 2741 846 2799; x_wconf 86' lang='lat' dir='ltr'>caritate</span> <span class='ocrx_word' id='word_1_244' title='bbox 867 2739 935 2799; x_wconf 92' lang='lat' dir='ltr'>dico</span> <span class='ocrx_word' id='word_1_245' title='bbox 958 2741 1196 2815; x_wconf 86' lang='lat' dir='ltr'>generationem,</span> 
     </span>
     <span class='ocr_line' id='line_1_31' title="bbox 109 2825 1197 2904; baseline -0.006 -15"><span class='ocrx_word' id='word_1_246' title='bbox 109 2845 141 2889; x_wconf 89' lang='lat' dir='ltr'>er</span> <span class='ocrx_word' id='word_1_247' title='bbox 171 2844 264 2904; x_wconf 85' lang='lat' dir='ltr'>quam</span> <span class='ocrx_word' id='word_1_248' title='bbox 289 2827 468 2887; x_wconf 83' lang='lat' dir='ltr'>naturaliter</span> <span class='ocrx_word' id='word_1_249' title='bbox 489 2829 569 2888; x_wconf 91' lang='lat' dir='ltr'>inest</span> <span class='ocrx_word' id='word_1_250' title='bbox 591 2827 693 2885; x_wconf 91' lang='lat' dir='ltr'>omnia</span> <span class='ocrx_word' id='word_1_251' title='bbox 715 2842 752 2885; x_wconf 83' lang='lat' dir='ltr'>er</span> <span class='ocrx_word' id='word_1_252' title='bbox 776 2825 832 2884; x_wconf 82' lang='lat' dir='ltr'>deo</span> <span class='ocrx_word' id='word_1_253' title='bbox 857 2825 935 2886; x_wconf 88' lang='lat' dir='ltr'>iacta</span> <span class='ocrx_word' id='word_1_254' title='bbox 958 2827 986 2883; x_wconf 91' lang='lat' dir='ltr'>iu</span> <span class='ocrx_word' id='word_1_255' title='bbox 1010 2826 1100 2886; x_wconf 91' lang='lat' dir='ltr'>deum</span> <span class='ocrx_word' id='word_1_256' title='bbox 1124 2843 1197 2885; x_wconf 90' lang='lat' dir='ltr'>con-</span> 
     </span>
     <span class='ocr_line' id='line_1_32' title="bbox 110 2911 1194 2992; baseline -0.005 -18"><span class='ocrx_word' id='word_1_257' title='bbox 110 2915 211 2992; x_wconf 87' lang='lat' dir='ltr'>regari</span> <span class='ocrx_word' id='word_1_258' title='bbox 243 2919 387 2990; x_wconf 90' lang='lat' dir='ltr'>perpetuo</span> <span class='ocrx_word' id='word_1_259' title='bbox 417 2919 507 2987; x_wconf 88' lang='lat' dir='ltr'>atque</span> <span class='ocrx_word' id='word_1_260' title='bbox 537 2911 818 2973; x_wconf 88' lang='lat' dir='ltr'>inconversibiliter.</span> <span class='ocrx_word' id='word_1_261' title='bbox 872 2911 908 2971; x_wconf 82' lang='lat' dir='ltr'>Et</span> <span class='ocrx_word' id='word_1_262' title='bbox 935 2913 1059 2986; x_wconf 89' lang='lat' dir='ltr'>iterum,</span> <span class='ocrx_word' id='word_1_263' title='bbox 1092 2928 1194 2971; x_wconf 90' lang='lat' dir='ltr'>eorum</span> 
     </span>
     <span class='ocr_line' id='line_1_33' title="bbox 109 2997 1196 3074; baseline -0.004 -13"><span class='ocrx_word' id='word_1_264' title='bbox 109 3017 168 3061; x_wconf 86' lang='lat' dir='ltr'>uae</span> <span class='ocrx_word' id='word_1_265' title='bbox 192 3017 233 3060; x_wconf 85' lang='lat' dir='ltr'>ex</span> <span class='ocrx_word' id='word_1_266' title='bbox 255 2999 314 3061; x_wconf 91' lang='lat' dir='ltr'>deo</span> <span class='ocrx_word' id='word_1_267' title='bbox 337 3000 417 3059; x_wconf 87' lang='lat' dir='ltr'>locta</span> <span class='ocrx_word' id='word_1_268' title='bbox 440 3005 526 3069; x_wconf 91' lang='lat' dir='ltr'>sunt,</span> <span class='ocrx_word' id='word_1_269' title='bbox 556 3005 586 3059; x_wconf 89' lang='lat' dir='ltr'>et</span> <span class='ocrx_word' id='word_1_270' title='bbox 608 2999 837 3074; x_wconf 85' lang='lat' dir='ltr'>intelligibilium</span> <span class='ocrx_word' id='word_1_271' title='bbox 861 3002 888 3056; x_wconf 91' lang='lat' dir='ltr'>et</span> <span class='ocrx_word' id='word_1_272' title='bbox 913 2997 1120 3068; x_wconf 90' lang='lat' dir='ltr'>sensibilium,</span> <span class='ocrx_word' id='word_1_273' title='bbox 1143 3014 1196 3074; x_wconf 87' lang='lat' dir='ltr'>ge-</span> 
     </span>
     <span class='ocr_line' id='line_1_34' title="bbox 109 3083 1197 3163; baseline -0.006 -14"><span class='ocrx_word' id='word_1_274' title='bbox 109 3086 208 3149; x_wconf 87' lang='lat' dir='ltr'>eratio</span> <span class='ocrx_word' id='word_1_275' title='bbox 232 3092 302 3146; x_wconf 89' lang='lat' dir='ltr'>aute</span> <span class='ocrx_word' id='word_1_276' title='bbox 327 3091 440 3146; x_wconf 91' lang='lat' dir='ltr'>motum</span> <span class='ocrx_word' id='word_1_277' title='bbox 463 3085 647 3163; x_wconf 84' lang='lat' dir='ltr'>intelligitur.</span> <span class='ocrx_word' id='word_1_278' title='bbox 693 3083 757 3143; x_wconf 88' lang='lat' dir='ltr'>Non</span> <span class='ocrx_word' id='word_1_279' title='bbox 781 3086 860 3143; x_wconf 88' lang='lat' dir='ltr'>enirn</span> <span class='ocrx_word' id='word_1_280' title='bbox 883 3089 1076 3159; x_wconf 89' lang='lat' dir='ltr'>potestante</span> <span class='ocrx_word' id='word_1_281' title='bbox 1101 3100 1197 3160; x_wconf 91' lang='lat' dir='ltr'>gene-</span> 
     </span>
     <span class='ocr_line' id='line_1_35' title="bbox 109 3170 1194 3246; baseline -0.005 -13"><span class='ocrx_word' id='word_1_282' title='bbox 109 3174 238 3234; x_wconf 81' lang='lat' dir='ltr'>tlionem</span> <span class='ocrx_word' id='word_1_283' title='bbox 261 3177 362 3232; x_wconf 91' lang='lat' dir='ltr'>motus</span> <span class='ocrx_word' id='word_1_284' title='bbox 386 3189 472 3246; x_wconf 87' lang='lat' dir='ltr'>esse;</span> <span class='ocrx_word' id='word_1_285' title='bbox 503 3187 606 3231; x_wconf 91' lang='lat' dir='ltr'>eorum</span> <span class='ocrx_word' id='word_1_286' title='bbox 631 3171 709 3230; x_wconf 89' lang='lat' dir='ltr'>enim</span> <span class='ocrx_word' id='word_1_287' title='bbox 734 3186 813 3245; x_wconf 90' lang='lat' dir='ltr'>quae</span> <span class='ocrx_word' id='word_1_288' title='bbox 831 3170 911 3230; x_wconf 84' lang='lat' dir='ltr'>lacta</span> <span class='ocrx_word' id='word_1_289' title='bbox 931 3174 1002 3230; x_wconf 89' lang='lat' dir='ltr'>sunt</span> <span class='ocrx_word' id='word_1_290' title='bbox 1021 3177 1067 3230; x_wconf 91' lang='lat' dir='ltr'>est</span> <span class='ocrx_word' id='word_1_291' title='bbox 1084 3176 1194 3242; x_wconf 89' lang='lat' dir='ltr'>motus,</span> 
     </span>
     <span class='ocr_line' id='line_1_36' title="bbox 109 3254 1196 3337; baseline -0.005 -20"><span class='ocrx_word' id='word_1_292' title='bbox 109 3277 152 3320; x_wconf 85' lang='lat' dir='ltr'>me</span> <span class='ocrx_word' id='word_1_293' title='bbox 191 3257 425 3337; x_wconf 89' lang='lat' dir='ltr'>intelligibilium</span> <span class='ocrx_word' id='word_1_294' title='bbox 460 3256 670 3335; x_wconf 83' lang='lat' dir='ltr'>intelligibilis,</span> <span class='ocrx_word' id='word_1_295' title='bbox 709 3258 773 3315; x_wconf 92' lang='lat' dir='ltr'>sive</span> <span class='ocrx_word' id='word_1_296' title='bbox 809 3257 996 3317; x_wconf 89' lang='lat' dir='ltr'>sensibilium</span> <span class='ocrx_word' id='word_1_297' title='bbox 1028 3254 1196 3315; x_wconf 85' lang='lat' dir='ltr'>sensibilis:</span> 
     </span>
     <span class='ocr_line' id='line_1_37' title="bbox 109 3340 1196 3418; baseline -0.009 -11"><span class='ocrx_word' id='word_1_298' title='bbox 109 3345 205 3407; x_wconf 89' lang='lat' dir='ltr'>ullum</span> <span class='ocrx_word' id='word_1_299' title='bbox 229 3345 308 3406; x_wconf 88' lang='lat' dir='ltr'>enim</span> <span class='ocrx_word' id='word_1_300' title='bbox 331 3360 435 3403; x_wconf 91' lang='lat' dir='ltr'>eorum</span> <span class='ocrx_word' id='word_1_301' title='bbox 460 3360 538 3418; x_wconf 89' lang='lat' dir='ltr'>quae</span> <span class='ocrx_word' id='word_1_302' title='bbox 561 3343 638 3418; x_wconf 86' lang='lat' dir='ltr'>iacta</span> <span class='ocrx_word' id='word_1_303' title='bbox 663 3348 735 3401; x_wconf 89' lang='lat' dir='ltr'>suut</span> <span class='ocrx_word' id='word_1_304' title='bbox 756 3348 802 3401; x_wconf 94' lang='lat' dir='ltr'>est</span> <span class='ocrx_word' id='word_1_305' title='bbox 820 3344 943 3402; x_wconf 91' lang='lat' dir='ltr'>omnino</span> <span class='ocrx_word' id='word_1_306' title='bbox 958 3340 1065 3401; x_wconf 92' lang='lat' dir='ltr'>eadem</span> <span class='ocrx_word' id='word_1_307' title='bbox 1079 3341 1196 3400; x_wconf 89' lang='lat' dir='ltr'>ratione</span> 
     </span>
     <span class='ocr_line' id='line_1_38' title="bbox 109 3426 1197 3505; baseline -0.007 -12"><span class='ocrx_word' id='word_1_308' title='bbox 109 3430 262 3502; x_wconf 91' lang='lat' dir='ltr'>umobile,</span> <span class='ocrx_word' id='word_1_309' title='bbox 292 3445 391 3505; x_wconf 87' lang='lat' dir='ltr'>neque</span> <span class='ocrx_word' id='word_1_310' title='bbox 415 3445 518 3489; x_wconf 87' lang='lat' dir='ltr'>eorum</span> <span class='ocrx_word' id='word_1_311' title='bbox 543 3431 644 3487; x_wconf 87' lang='lat' dir='ltr'>anima</span> <span class='ocrx_word' id='word_1_312' title='bbox 669 3429 836 3488; x_wconf 90' lang='lat' dir='ltr'>carentium</span> <span class='ocrx_word' id='word_1_313' title='bbox 857 3435 886 3487; x_wconf 90' lang='lat' dir='ltr'>et</span> <span class='ocrx_word' id='word_1_314' title='bbox 909 3429 1113 3501; x_wconf 87' lang='lat' dir='ltr'>sensibilium,</span> <span class='ocrx_word' id='word_1_315' title='bbox 1139 3426 1197 3485; x_wconf 93' lang='lat' dir='ltr'>sic-</span> 
     </span>
     <span class='ocr_line' id='line_1_39' title="bbox 109 3513 1195 3590; baseline -0.006 -13"><span class='ocrx_word' id='word_1_316' title='bbox 109 3522 118 3577; x_wconf 91' lang='lat' dir='ltr'>l</span> <span class='ocrx_word' id='word_1_317' title='bbox 147 3516 384 3587; x_wconf 83' lang='lat' dir='ltr'>studiosioribus</span> <span class='ocrx_word' id='word_1_318' title='bbox 416 3533 520 3575; x_wconf 90' lang='lat' dir='ltr'>eorum</span> <span class='ocrx_word' id='word_1_319' title='bbox 553 3531 630 3588; x_wconf 83' lang='lat' dir='ltr'>quae</span> <span class='ocrx_word' id='word_1_320' title='bbox 668 3520 739 3574; x_wconf 84' lang='lat' dir='ltr'>sunt</span> <span class='ocrx_word' id='word_1_321' title='bbox 776 3514 1067 3590; x_wconf 85' lang='lat' dir='ltr'>contemplatoribus</span> <span class='ocrx_word' id='word_1_322' title='bbox 1098 3513 1195 3572; x_wconf 92' lang='lat' dir='ltr'>visum</span> 
     </span>
     <span class='ocr_line' id='line_1_40' title="bbox 109 3599 1198 3677; baseline -0.009 -12"><span class='ocrx_word' id='word_1_323' title='bbox 109 3609 152 3677; x_wconf 74' lang='lat' dir='ltr'>st,</span> <span class='ocrx_word' id='word_1_324' title='bbox 182 3603 297 3663; x_wconf 84' lang='lat' dir='ltr'>moveri</span> <span class='ocrx_word' id='word_1_325' title='bbox 321 3603 400 3662; x_wconf 90' lang='lat' dir='ltr'>euim</span> <span class='ocrx_word' id='word_1_326' title='bbox 420 3602 521 3660; x_wconf 86' lang='lat' dir='ltr'>omnin</span> <span class='ocrx_word' id='word_1_327' title='bbox 544 3600 685 3659; x_wconf 87' lang='lat' dir='ltr'>dixerunt</span> <span class='ocrx_word' id='word_1_328' title='bbox 708 3605 759 3660; x_wconf 89' lang='lat' dir='ltr'>aut</span> <span class='ocrx_word' id='word_1_329' title='bbox 783 3607 971 3674; x_wconf 88' lang='lat' dir='ltr'>porrectam</span> <span class='ocrx_word' id='word_1_330' title='bbox 995 3599 1121 3672; x_wconf 89' lang='lat' dir='ltr'>lineam,</span> <span class='ocrx_word' id='word_1_331' title='bbox 1145 3603 1198 3657; x_wconf 81' lang='lat' dir='ltr'>urit</span> 
     </span>
     <span class='ocr_line' id='line_1_41' title="bbox 109 3683 1198 3761; baseline -0.006 -12"><span class='ocrx_word' id='word_1_332' title='bbox 109 3706 140 3749; x_wconf 92' lang='lat' dir='ltr'>er</span> <span class='ocrx_word' id='word_1_333' title='bbox 172 3688 333 3757; x_wconf 90' lang='lat' dir='ltr'>circulum,</span> <span class='ocrx_word' id='word_1_334' title='bbox 369 3694 421 3747; x_wconf 92' lang='lat' dir='ltr'>aut</span> <span class='ocrx_word' id='word_1_335' title='bbox 451 3687 579 3761; x_wconf 86' lang='lat' dir='ltr'>oblique.</span> <span class='ocrx_word' id='word_1_336' title='bbox 637 3685 740 3745; x_wconf 83' lang='lat' dir='ltr'>Omnis</span> <span class='ocrx_word' id='word_1_337' title='bbox 771 3687 851 3745; x_wconf 89' lang='lat' dir='ltr'>onim</span> <span class='ocrx_word' id='word_1_338' title='bbox 881 3691 982 3746; x_wconf 90' lang='lat' dir='ltr'>motus</span> <span class='ocrx_word' id='word_1_339' title='bbox 1012 3683 1138 3759; x_wconf 91' lang='lat' dir='ltr'>simplici</span> <span class='ocrx_word' id='word_1_340' title='bbox 1168 3687 1198 3742; x_wconf 89' lang='lat' dir='ltr'>et</span> 
     </span>
     <span class='ocr_line' id='line_1_42' title="bbox 109 3771 1198 3850; baseline -0.006 -16"><span class='ocrx_word' id='word_1_341' title='bbox 109 3774 260 3850; x_wconf 90' lang='lat' dir='ltr'>omposilo</span> <span class='ocrx_word' id='word_1_342' title='bbox 290 3775 462 3834; x_wconf 91' lang='lat' dir='ltr'>continetur</span> <span class='ocrx_word' id='word_1_343' title='bbox 492 3773 591 3833; x_wconf 88' lang='lat' dir='ltr'>modo.</span> <span class='ocrx_word' id='word_1_344' title='bbox 659 3771 688 3830; x_wconf 92' lang='lat' dir='ltr'>Si</span> <span class='ocrx_word' id='word_1_345' title='bbox 719 3790 791 3849; x_wconf 87' lang='lat' dir='ltr'>ergo</span> <span class='ocrx_word' id='word_1_346' title='bbox 820 3773 996 3850; x_wconf 84' lang='lat' dir='ltr'>intelligitur</span> <span class='ocrx_word' id='word_1_347' title='bbox 1023 3772 1097 3831; x_wconf 91' lang='lat' dir='ltr'>ratio</span> <span class='ocrx_word' id='word_1_348' title='bbox 1128 3776 1198 3829; x_wconf 89' lang='lat' dir='ltr'>ante</span> 
     </span>
     <span class='ocr_line' id='line_1_43' title="bbox 108 3858 1196 3934; baseline -0.005 -13"><span class='ocrx_word' id='word_1_349' title='bbox 108 3866 205 3921; x_wconf 83' lang='lat' dir='ltr'>totum</span> <span class='ocrx_word' id='word_1_350' title='bbox 228 3875 331 3920; x_wconf 90' lang='lat' dir='ltr'>eorum</span> <span class='ocrx_word' id='word_1_351' title='bbox 355 3875 485 3934; x_wconf 85' lang='lat' dir='ltr'>quorum</span> <span class='ocrx_word' id='word_1_352' title='bbox 508 3864 570 3932; x_wconf 89' lang='lat' dir='ltr'>est,</span> <span class='ocrx_word' id='word_1_353' title='bbox 607 3859 763 3933; x_wconf 89' lang='lat' dir='ltr'>inspicitur</span> <span class='ocrx_word' id='word_1_354' title='bbox 785 3858 918 3933; x_wconf 89' lang='lat' dir='ltr'>proiecto</span> <span class='ocrx_word' id='word_1_355' title='bbox 941 3873 1046 3917; x_wconf 92' lang='lat' dir='ltr'>eorum</span> <span class='ocrx_word' id='word_1_356' title='bbox 1070 3871 1196 3932; x_wconf 85' lang='lat' dir='ltr'>quorum</span> 
     </span>
     <span class='ocr_line' id='line_1_44' title="bbox 108 3944 1198 4022; baseline -0.007 -14"><span class='ocrx_word' id='word_1_357' title='bbox 108 3952 136 4008; x_wconf 83' lang='lat' dir='ltr'>sl</span> <span class='ocrx_word' id='word_1_358' title='bbox 159 3950 263 4006; x_wconf 92' lang='lat' dir='ltr'>molus</span> <span class='ocrx_word' id='word_1_359' title='bbox 286 3962 340 4020; x_wconf 87' lang='lat' dir='ltr'>per</span> <span class='ocrx_word' id='word_1_360' title='bbox 361 3946 608 4022; x_wconf 88' lang='lat' dir='ltr'>generationem,</span> <span class='ocrx_word' id='word_1_361' title='bbox 633 3949 736 4019; x_wconf 88' lang='lat' dir='ltr'>utpote</span> <span class='ocrx_word' id='word_1_362' title='bbox 759 3944 831 4004; x_wconf 91' lang='lat' dir='ltr'>dum</span> <span class='ocrx_word' id='word_1_363' title='bbox 855 3946 893 4004; x_wconf 92' lang='lat' dir='ltr'>sit</span> <span class='ocrx_word' id='word_1_364' title='bbox 915 3949 985 4020; x_wconf 86' lang='lat' dir='ltr'>post</span> <span class='ocrx_word' id='word_1_365' title='bbox 1002 3959 1070 4004; x_wconf 88' lang='lat' dir='ltr'>eam</span> <span class='ocrx_word' id='word_1_366' title='bbox 1088 3959 1198 4003; x_wconf 92' lang='lat' dir='ltr'>secun-</span> 
     </span>
     <span class='ocr_line' id='line_1_45' title="bbox 108 4031 1199 4092; baseline -0.004 0"><span class='ocrx_word' id='word_1_367' title='bbox 108 4048 159 4092; x_wconf 88' lang='lat' dir='ltr'>um</span> <span class='ocrx_word' id='word_1_368' title='bbox 184 4031 331 4091; x_wconf 87' lang='lat' dir='ltr'>notitiam.</span> <span class='ocrx_word' id='word_1_369' title='bbox 388 4031 490 4092; x_wconf 90' lang='lat' dir='ltr'>Talem</span> <span class='ocrx_word' id='word_1_370' title='bbox 515 4035 617 4091; x_wconf 88' lang='lat' dir='ltr'>aulem</span> <span class='ocrx_word' id='word_1_371' title='bbox 643 4034 754 4089; x_wconf 89' lang='lat' dir='ltr'>motum</span> <span class='ocrx_word' id='word_1_372' title='bbox 778 4031 916 4089; x_wconf 87' lang='lat' dir='ltr'>virtutein</span> <span class='ocrx_word' id='word_1_373' title='bbox 940 4036 1051 4089; x_wconf 92' lang='lat' dir='ltr'>vocant</span> <span class='ocrx_word' id='word_1_374' title='bbox 1073 4035 1199 4090; x_wconf 89' lang='lat' dir='ltr'>natura-</span> 
     </span>
    </p>
   </div>
   <div class='ocr_carea' id='block_1_3' title="bbox 107 4181 1198 4386">
    <p class='ocr_par' dir='ltr' id='par_1_7' title="bbox 107 4181 1198 4386">
     <span class='ocr_line' id='line_1_46' title="bbox 157 4181 1198 4252; baseline 0.001 -18"><span class='ocrx_word' id='word_1_375' title='bbox 157 4182 182 4234; x_wconf 82' lang='grc'>3.</span> <span class='ocrx_word' id='word_1_376' title='bbox 214 4181 395 4246; x_wconf 76' lang='lat' dir='ltr'>Permutata,</span> <span class='ocrx_word' id='word_1_377' title='bbox 422 4183 486 4233; x_wconf 81' lang='lat' dir='ltr'>torte</span> <span class='ocrx_word' id='word_1_378' title='bbox 511 4184 722 4248; x_wconf 73' lang='grc' dir='ltr'>προκινηθέντα.</span> <span class='ocrx_word' id='word_1_379' title='bbox 771 4185 818 4234; x_wconf 89' lang='lat' dir='ltr'>Hic</span> <span class='ocrx_word' id='word_1_380' title='bbox 844 4183 906 4233; x_wconf 89' lang='lat' dir='ltr'>nihil</span> <span class='ocrx_word' id='word_1_381' title='bbox 932 4185 996 4235; x_wconf 84' lang='lat' dir='ltr'>vidit</span> <span class='ocrx_word' id='word_1_382' title='bbox 1014 4186 1131 4252; x_wconf 80' lang='lat' dir='ltr'>Erigenc.</span> <span class='ocrx_word' id='word_1_383' title='bbox 1169 4187 1198 4236; x_wconf 76' lang='lat' dir='ltr'>Et</span> 
     </span>
     <span class='ocr_line' id='line_1_47' title="bbox 108 4250 1197 4318; baseline 0.002 -16"><span class='ocrx_word' id='word_1_384' title='bbox 108 4266 155 4302; x_wconf 78' lang='lat' dir='ltr'>ene</span> <span class='ocrx_word' id='word_1_385' title='bbox 179 4251 267 4302; x_wconf 82' lang='lat' dir='ltr'>omnia</span> <span class='ocrx_word' id='word_1_386' title='bbox 289 4252 314 4300; x_wconf 90' lang='lat' dir='ltr'>in</span> <span class='ocrx_word' id='word_1_387' title='bbox 339 4250 390 4302; x_wconf 89' lang='lat' dir='ltr'>hoc</span> <span class='ocrx_word' id='word_1_388' title='bbox 415 4252 499 4316; x_wconf 85' lang='lat' dir='ltr'>cupite</span> <span class='ocrx_word' id='word_1_389' title='bbox 524 4255 665 4317; x_wconf 67' lang='lat' dir='ltr'>pervertit,</span> <span class='ocrx_word' id='word_1_390' title='bbox 699 4253 792 4315; x_wconf 84' lang='lat' dir='ltr'>quibus</span> <span class='ocrx_word' id='word_1_391' title='bbox 812 4260 895 4303; x_wconf 86' lang='lat' dir='ltr'>tamen</span> <span class='ocrx_word' id='word_1_392' title='bbox 916 4253 1052 4316; x_wconf 86' lang='lat' dir='ltr'>notandis,</span> <span class='ocrx_word' id='word_1_393' title='bbox 1079 4256 1197 4318; x_wconf 84' lang='lat' dir='ltr'>quoniam</span> 
     </span>
     <span class='ocr_line' id='line_1_48' title="bbox 107 4318 573 4386; baseline 0.009 -18"><span class='ocrx_word' id='word_1_394' title='bbox 107 4318 163 4370; x_wconf 74' lang='lat' dir='ltr'>lura</span> <span class='ocrx_word' id='word_1_395' title='bbox 182 4326 258 4380; x_wconf 86' lang='lat' dir='ltr'>sunt,</span> <span class='ocrx_word' id='word_1_396' title='bbox 279 4319 448 4386; x_wconf 81' lang='lat' dir='ltr'>supersedeo.</span> <span class='ocrx_word' id='word_1_397' title='bbox 476 4320 573 4384; x_wconf 81' lang='lat' dir='ltr'>(Gala.)</span> 
     </span>
    </p>
   </div>
   <div class='ocr_carea' id='block_1_4' title="bbox 0 0 1380 4778">
    <p class='ocr_par' dir='ltr' id='par_1_8' title="bbox 0 0 1380 4778">
     <span class='ocr_line' id='line_1_49' title="bbox 0 0 1380 4778; baseline 0 0"><span class='ocrx_word' id='word_1_398' title='bbox 0 0 1380 4778; x_wconf 95' lang='lat' dir='ltr'> </span> 
     </span>
    </p>
   </div>
  </div>
 </body>
</html>
