2752 4778
240 219 311 291 382

341 405 588 483 Γυμνασθεῖσαν
616 401 672 482 666
702 400 784 514 πρὸς
812 401 1007 510 θεωρητικῆν
1032 401 1142 478 έξιν
1125 428 1163 466 εν
1189 415 1256 481 τοῖς
1275 430 1331 486 προ·

234 485 369 568 λαβοῦσι
393 484 446 551 διιλ
463 483 664 596 πλοίτοιις,“
642 513 684 563 ως
703 481 775 552 οἷόν
794 512 825 552 τε
845 479 896 566 ῆν,
921 488 1002 573 ελρηγ
1002 491 1103 564 ιέιοις
1122 488 1184 568 τῆν
1204 489 1332 566 ιλιόνοιιιι,

235 569 352 650 πλῆθει
385 570 488 682 λόγων
517 569 627 652 αιλτῆν,
665 573 693 638 ελ
722 576 826 654 δοκεῖ,
860 573 901 656 μῆ
930 572 1168 662 βαρῆσωμεν,
1179 579 1332 679 δυναμένην

235 655 351 722 λοιπόν
380 663 433 723 καὶ
461 653 527 723 κατ’
555 657 768 768 έπιτομῆν
737 685 790 738 την
813 664 873 722 τῶν
896 664 995 724 θείων
1018 654 1250 770 ἐπιστημόνως
1269 664 1334 770 λέγε·

226 748 317 808 Ισθαι
351 743 613 829 θεωρίαν.οί
647 748 792 830 κρίθινον
828 749 997 829 τοιγαροῦν
1031 747 1129 811 πέντε
1159 744 1257 849 ολρτοι
1283 746 1335 824 τολς

234 835 427 934 προχείρους
455 834 508 909 τῆς
530 836 669 935 φυσικῆς
701 835 841 915 θεωρίας
871 835 1094 932 παραθηλοιλσι
1109 830 1260 938 λόγους.
1307 831 1336 898 θλ

234 919 270 980 66
292 913 417 992 τούτοις
438 914 629 1022 τρεφόμενοι
651 923 904 1021 πεντακισχίλιοι
928 915 1039 1026 ἄνδρες
1062 915 1142 992 τοιλς
1167 925 1244 1002 περὶ
1253 918 1365 1027 φέτιι

232 1006 291 1110 μέν
319 1007 539 1087 κινουμένους,
570 1000 657 1069 οιλπω
681 1006 716 1067 66
738 1000 836 1081 πόιτη
861 1007 914 1082 τῆς
935 1009 1007 1088 περὶ
1031 1001 1069 1067 τό
1092 1003 1282 1084 παθητικὸν
1298 1011 1336 1071 ιιιιλ

233 1084 352 1171 όλογον
374 1095 428 1167 τῆς
441 1093 549 1195 φυχῆς
570 1094 667 1174 μέρος
690 1089 902 1173 έιικιιρθένιας
924 1092 1071 1190 σχετικῆς
1094 1090 1308 1168 διαθέσεως
1297 1115 1338 1196 ιμ’·

233 1180 396 1258 φαίνουσι.
441 1168 496 1250 Ὧς
524 1187 609 1240 ιοεῖν
639 1178 752 1241 δίδωσι
785 1185 852 1250 τοῖς
881 1179 940 1238 τῶι
963 1173 1122 1240 τοιοιλτων
1147 1175 1257 1260 λόγιιιν
1276 1176 1337 1243 θεν

231 1284 312 1344 μασι
342 1260 376 1326 έιι
404 1264 519 1345 κριθῆς
547 1255 628 1326 εἶναι
659 1260 731 1336 τοιλς
761 1258 893 1344 ἄρτους,
922 1258 1031 1325 κοινὸν
1055 1265 1093 1325 66
1115 1266 1220 1329 τοῦτο
1242 1261 1338 1343 κτηνῶν

231 1371 266 1412 τε
289 1352 342 1412 καὶ
365 1342 546 1433 ιλνθρῶπων
568 1341 689 1455 66609‘
675 1345 810 1431 ιπιλρχει
834 1351 969 1430 τροφῆς,
993 1352 1045 1410 καὶ
1071 1345 1109 1412 τό
1135 1349 1200 1413 σιλν
1206 1353 1339 1458 γυναιξὶν

233 1425 315 1498 εἶναι
349 1437 402 1499 καλ
436 1439 566 1515 παισὶν,
600 1433 679 1542 ὅπερ
710 1436 805 1511 66606
830 1437 940 1516 σαφῶς
967 1431 1008 1514 μλ
1040 1435 1105 1496 τῶν
1133 1431 1216 1500 καθ’
1245 1431 1338 1514 ῆθοιῆι

145 1540 152 1551 ’
232 1523 392 1595 παντελῶς
414 1518 593 1630 ἐπιθυμιῶν
616 1525 669 1584 καὶ
694 1522 745 1597 τῆς
767 1516 898 1592 ἀτελοῦς
921 1522 982 1581 τῶν
1004 1523 1178 1602 λογισμῶν
1212 1519 1339 1602 νηπιότη

235 1629 288 1679 τος
321 1601 434 1680 αιλτοιλς
451 1601 718 1714 ῆλλοτριῶσθαι.
777 1600 819 1666 ‘H
853 1603 933 1668 66''
915 1603 1032 1688 ερημός
1062 1603 1156 1681 έστιι
1188 1603 1205 1686 6
1237 1605 1370 1690 κόσμοςλ

235 1682 343 1770 οιλτος,
378 1682 467 1755 έν
440 1716 465 1777 ῳ
494 1701 561 1767 τοῖς
589 1691 641 1755 ιλιιλ
674 1694 727 1769 τῆς
757 1694 891 1774 φυσικῆς
919 1695 1062 1796 θεωρίας
1091 1699 1172 1776 περὶ
1206 1692 1242 1759 τό
1272 1697 1340 1759 θεῶν
1319 1696 1369 1838 ι

232 1779 432 1885 κινουμένοις
463 1774 535 1852 τοιλς
569 1781 621 1856 τῆς
654 1774 778 1861 φιλσεως
806 1780 1034 1884 πνευματικῶς
1050 1778 1271 1863 διαθριλπιων
1295 1776 1339 1844 λα’·

232 1888 307 1946 γους
337 1857 355 1929 6
385 1866 442 1927 τοιλ
470 1866 552 1928 θεοῦ
579 1862 675 1972 λόγος
702 1865 809 1928 πᾶσαν
840 1857 971 1967 ιλγαθῶν
1002 1863 1173 1967 χαρίζεται
1212 1871 1340 1948 πλησμο·

233 1947 302 2031 νῆν,
337 1946 379 2025 ολς
414 1952 564 2028 δηλοῦσιν
598 1949 631 2013 ολ
664 1952 725 2012 τῶν
752 1945 1012 2033 περισσευμολιωι
1039 1946 1197 2032 κόφιιοι,
1235 1951 1340 2017 ιλτιλόειιιι

233 2034 320 2111 ὄντες
342 2033 398 2100 τόν
419 2031 573 2120 ολριθμόν.

235 2171 432 2270 Θιωρία’
405 2202 453 2255 εις
474 2170 541 2247 τὸν
562 2171 610 2267 ιβ’
636 2169 816 2268 ἀριθμόν.

336 2303 502 2414 Ἐμφαίνει
531 2313 565 2374 66
595 2305 612 2373 6
642 2308 762 2374 ιλιιλιλεκα
792 2304 999 2393 ολριθμός,
983 2337 998 2387 6
1030 2309 1105 2386 τοιλς
1126 2311 1212 2378 κατολ
1230 2313 1368 2416 χρόιοιι

234 2401 286 2460 καὶ
323 2393 420 2503 φύσιν
454 2393 584 2504 λόγους,
619 2390 684 2471 ολς
695 2392 729 2460 ἐκ
766 2399 856 2460 πέντε
889 2399 942 2460 ιιαλ
973 2394 1050 2460 έπτιλ
1082 2398 1167 2462 κιιτιλ
1197 2399 1339 2464 σιλνθεσιι

233 2480 523 2584 συμπληροιλμενος.
566 2477 796 2586 (Εβόομιιτικός
817 2478 878 2566 γὰρ
901 2477 918 2546 6
942 2481 1087 2566 χρόνος,
1107 2481 1153 2560 ὡς
1176 2491 1336 2560 κυκλικῶς

71 2594 118 2634 ιιι
133 2590 192 2634 ιτιε
184 2607 224 2636 ι
234 2592 431 2671 κινονμενος,
463 2575 516 2633 καὶ
546 2564 601 2646 τῆν
629 2566 711 2651 πριλς
732 2566 767 2631 τὰ
792 2572 955 2632 κινεῖσθαι
978 2569 1150 2653 προςφυῶς
1157 2571 1260 2682 έχων
1280 2572 1338 2636 έπι·

233 2652 432 2735 τηδειότητα,
454 2652 508 2732 τῆν
530 2657 591 2718 τῶν
613 2649 760 2736 όιιρων’
740 2651 804 2718 ιιπιλ
829 2656 886 2718 τοιλ
903 2655 1095 2764 μέσον
1029 2655 1167 2719 κατιλ
1128 2682 1190 2721 τον
1198 2655 1326 2768 ιλριθμιλ
1326 2681 1338 2718 ι

233 2743 346 2804 τοῦτον
368 2740 439 2819 ἴσην
459 2736 651 2806 ἀπόστασιν.
696 2737 872 2819 Πενταόικῆ
899 2766 1070 2848 ηφυσις,
1081 2738 1144 2806 ιλττό
1172 2742 1231 2809 τὸν
1252 2741 1338 2852 ιλριθ·

232 2824 295 2932 μὸν
317 2823 372 2888 τὸν
393 2829 484 2890 πέντε
506 2834 663 2910 πεφυκυῖα
686 2823 877 2906 τάττεσθαι,
906 2825 959 2888 διό
983 2852 1014 2892 τε
1037 2826 1092 2906 τῆν
1114 2823 1336 2939 αλλιθησινλφ’

234 2906 271 2989 ῆν
294 2915 379 2975 τελεῖ
397 2914 559 3020 πενταχῶς
580 2915 748 2996 ιλιαιροιγ
720 2937 817 2992 ιενηι,
853 2875 907 2974 66
929 2937 960 2975 τε
983 2911 1018 2976 τιλ
1041 2917 1204 2978 πλέον
1166 2943 1221 2994 της
1243 2913 1335 2986 ιλπλως

227 2999 399 3105 λεγομένης
433 2995 505 3077 ιλλης
541 3001 594 3076 τῆς
629 3001 785 3084 τετραχῶς
819 2998 1086 3110 ιλιαιρονμένηςέ
1084 3024 1157 3083 χειν
1188 3001 1226 3067 τό
1235 2995 1333 3074 ελίος.

227 3078 272 3191 ‘H
288 3081 383 3165 φιλσις
403 3081 462 3171 γὰρ
487 3079 579 3149 οιλόὲν
601 3083 679 3150 ιλλλο
702 3088 895 3194 καθέστηκεν
918 3109 1000 3150 ονσα
1024 3112 1040 3163 η
1065 3084 1122 3166 ιλλη
1144 3084 1214 3170 μετ’
1236 3088 1333 3163 εἴδοις,

233 3166 251 3248 6
273 3169 328 3248 ιλλη
351 3170 623 3254 εἶδοπεποιημένη
683 3170 729 3234 '6'6
752 3168 812 3256 γὰρ
838 3160 983 3245 εἶδος
945 3197 979 3260 τη
1006 3168 1072 3257 λλλη
1084 3178 1266 3256 προςτεθέν
1286 3171 1333 3258 φλ

233 3280 285 3321 σιν
308 3252 526 3340 ἀπεργάζεται

227 3397 326 3470 ’Άλλο
349 3396 529 3492 θεώρημα
556 3399 604 3476 εἰς
629 3391 671 3466 τὸ
698 3389 801 3467 αὐτό.

233 3615 428 3722 κινουμένων
453 3617 506 3676 καὶ
536 3636 608 3694 περι
611 3615 847 3694 γεγραμμένων,
878 3616 930 3676 καὶ
961 3609 1016 3676 τόν
1039 3617 1098 3676 τοῦ
1120 3621 1155 3679 τί
1178 3622 1232 3681 καὶ
1253 3639 1331 3678 πονοι

233 3704 286 3764 καὶ
308 3701 375 3772 πῶς
396 3691 478 3761 εἶναι
500 3695 597 3779 λόγον
620 3697 860 3806 έπιόεχομέιωι
907 3701 979 3760 Πᾶν
1001 3698 1061 3782 γιλρ
1086 3701 1219 3780 κινητόν
1241 3726 1269 3766 τε
1289 3725 1328 3764 ιιι

232 3781 360 3894 6666666
384 3779 545 3889 ιλπόρχει,
584 3789 637 3846 καὶ
674 3785 725 3844 616
766 3808 858 3846 τοντο
897 3781 1020 3860 πόντως
1048 3790 1102 3850 καὶ
1136 3785 1202 3852 ιλπό
1229 3786 1329 3897 χρόνον

233 3871 317 3951 ἐστὶ,
350 3866 407 3934 κιλν
437 3870 465 3934 ελ
493 3866 536 3951 μῆ
559 3866 614 3933 τόν
636 3866 756 3946 κινῆσει
778 3868 1001 3952 μετρεόμενον.
1053 3866 1178 3957 Ἀρχῆν
1201 3874 1260 3980 666
1279 3872 1328 3954 λχιι

232 3961 289 4020 τοιλ
311 3949 392 4020 εἶναι
416 3959 477 4020 πᾶν
484 3952 627 4065 γενητόν
649 3950 731 4028 (λς’
715 3980 783 4037 ηργγ
771 3959 868 4035 μένον
890 3957 947 4018 τοιλ
969 3949 1068 4037 εἶναι,
1098 3965 1154 4023 καὶ
1181 3959 1329 4042 ιλιιλστημα,

232 4038 285 4125 66²
317 4033 355 4105 06
383 4045 440 4106 τοιλ
467 4034 548 4106 εἶναι
578 4037 704 4143 ῆρξατο.
758 4041 799 4101 Γ
788 4069 798 4103 ι
822 4045 857 4105 66
879 4046 931 4105 καλ
955 4039 1023 4106 ἔστι
1046 4049 1102 4147 καλ
1126 4057 1262 4112 κινεῖται
1280 4047 1329 4109 πᾶν

231 4125 374 4233 γενητόν,
404 4133 456 4193 καὶ
486 4122 547 4191 ιλπὸ
578 4125 673 4212 φιλσιν
701 4124 825 4202 πόντως
855 4127 922 4192 ἐστὶ
952 4133 1005 4191 καὶ
1036 4128 1178 4239 χρόνον,
1210 4131 1261 4213 τῆν
1285 4132 1364 4215 μὲν

233 4213 283 4277 ιλιιλ
315 4212 350 4278 τὸ
379 4207 523 4291 εἶναι,Ι
536 4213 592 4277 τόν
620 4215 655 4278 66
684 4210 792 4274 ιλιιλ
759 4238 794 4276 το
819 4217 998 4295 κινεῖσθαι,
1030 4206 1122 4278 66‘
1095 4241 1140 4280 ων
1164 4217 1244 4283 κατιλ
1266 4241 1328 4297 σιμ·

234 4332 507 4343 ——--—..—..-.

304 4387 324 4438 l.
344 4383 394 4449 τῆν
413 4388 489 4436 habet
510 4383 703 4452 Αροιςιιιρλοιιι.
1345 4399 1372 4745 l

333 3522 376 3588 H
402 3523 456 3601 τιλς
484 3529 546 3590 τῶν
576 3521 675 3589 ὀντων
705 3529 838 3633 γενητῶν
867 3529 920 3590 καλ
952 3524 1091 3591 αἰωνίων
1127 3526 1266 3610 νοι’σεις,
1294 3522 1363 3765 ιλιι
