2752 4778
1069 206 1141 281 221

29 392 216 469 practicam,
250 406 329 467 qnae
358 388 480 459 dicitur,
514 388 741 464 philosophiam
764 396 812 449 est
834 391 863 448 in
887 390 1026 453 virtutem
1048 394 1144 454 dedn-

29 479 107 549 ctio,
122 485 173 540 ut
192 493 253 554 qua
276 478 421 554 magister
444 474 602 553 apostolus
625 481 782 551 promovet
805 476 985 553 discipulos3
1020 483 1144 540 namin

28 565 175 627 omnibus
202 566 349 643 magister
379 560 561 623 antecedere
590 562 682 621 debet
709 562 867 639 discipulis
896 563 935 623 ad
964 566 1085 642 agenda
1108 583 1145 626 ea

29 666 112 727 qaae
140 650 267 712 decent:
302 651 478 725 ‚ascensio‘
510 664 583 708 vero
610 650 706 724 perita
735 650 888 709 rationum
911 652 1004 710 rebus
1026 653 1147 712 inhabi-

28 739 162 799 tantium
190 753 243 814 per
273 735 445 797 naturalem
474 735 760 811 contemplationem
789 737 1037 812 comprehensio:
1077 755 1147 812 ‚as-

29 825 185 901 sumptio‘
208 824 340 900 denique
362 824 414 899 pia
435 837 526 882 verae
549 827 580 881 et
601 821 793 899 theologicae
816 825 986 899 sapientiae
1008 826 1159 900 initiatio‚.

29 926 114 987 quae
132 910 245 986 gualis
274 913 315 971 sit
344 911 436 970 verbo
465 909 594 984 exprimi
623 925 684 968 non
715 914 825 984 potest.
878 910 1010 970 Tertium
1043 917 1145 971 antem

28 997 152 1059 caelum
188 1000 330 1072 suspicor
362 1013 433 1056 esse
460 995 536 1054 lines
555 993 838 1071 circumscriptivos
866 999 1016 1071 practicae
1044 999 1146 1073 philo-

29 1083 163 1160 sophiae
191 1089 222 1144 et
244 1084 391 1144 naturalis
412 1078 676 1157 contemplationis
699 1082 947 1160 aetheologieae
969 1085 1145 1144 initiationis

29 1186 172 1233 summas
192 1171 347 1246 rationes,
372 1170 437 1230 sive
458 1169 567 1229 harum
586 1169 749 1239 terminos,
772 1169 1016 1244 quandoquidem
1035 1169 1144 1232 modus

29 1258 128 1334 aliqui
151 1250 459 1333 comprehendendae
481 1259 512 1315 et
532 1256 648 1315 virtutis
670 1260 701 1314 et
718 1259 847 1315 naturae
866 1261 895 1316 et
913 1273 993 1332 quae
1011 1259 1041 1316 in
1060 1265 1146 1318 utra·

31 1359 94 1420 que
123 1344 183 1404 sita
211 1348 259 1404 est
288 1343 481 1421 theologiae,
518 1343 734 1402 convenienter
759 1348 789 1403 et
812 1343 982 1403 secundum
1004 1349 1144 1405 naturam

29 1431 198 1507 unicuique
227 1445 332 1491 eorum
362 1444 442 1505 quae
471 1433 543 1489 sunt
572 1444 591 1488 a
619 1428 678 1488 deo
701 1429 864 1504 adoptatus
888 1436 951 1501 est,
983 1431 1092 1504 quibus
1114 1431 1144 1488 in

30 1517 171 1579 terminis
193 1521 225 1576 et
244 1517 356 1577 finibus
380 1518 501 1577 beatus.
512 1514 685 1593 apostolus
698 1530 802 1586 eorum
826 1531 904 1592 quae
922 1517 983 1576 dixi
1001 1519 1145 1586 rationes,

31 1609 185 1681 quantum
209 1604 265 1664 sibi
286 1602 406 1674 liceret,
436 1603 599 1677 superavit.
643 1600 719 1661 Nam
732 1600 769 1661 'si
790 1619 896 1663 eornm
920 1619 998 1677 quae
1021 1610 1146 1664 natura·

31 1691 100 1751 liter
129 1692 211 1750 intus
240 1690 375 1750 continet
396 1689 514 1749 eaelum
537 1689 700 1763 descriptio
724 1693 854 1759 est,‚ae
876 1690 944 1749 linis
967 1696 1144 1750 cunctorum

33 1791 239 1853 quaecunque
255 1776 373 1837 'sensui
402 1775 536 1853 obnoxia
558 1779 644 1846 sunt,
678 1774 849 1836 secundum
871 1775 1077 1836 sublimiorem
1100 1778 1146 1841 ni-

33 1864 146 1923 mirum
167 1868 198 1923 et
219 1864 379 1939 mysticam
401 1863 550 1922 rationem
573 1863 671 1922 omnis
695 1877 816 1937 quoque
839 1864 956 1923 virtutis
973 1864 1020 1923 vel
1040 1865 1147 1940 cogni-

32 1948 126 2012 nonis
158 1950 294 2010 rationes
326 1949 592 2019 circumscribens,
629 1965 707 2023 quae
741 1965 933 2024 summopere
966 1949 1145 2018 reverenda,

33 2036 186 2107 osssono,
220 2036 350 2097 utfinis
381 2052 485 2096 eorum
516 2051 595 2111 quae
626 2035 781 2107 videntur,
810 2040 841 2095 et
867 2037 1015 2096 terminus
1039 2050 1144 2095 eorum

34 2136 114 2199 quac
136 2123 440 2197 circumscribuntur,
472 2123 599 2200 figurate
622 2122 740 2182 eaelum
764 2120 942 2197 appellatur.
995 2122 1055 2181 Aut
1078 2137 1145 2182 rur-

35 2223 91 2271 sus
113 2210 269 2285 ‚tertium‘
293 2208 449 2284 Scriptura
474 2209 627 2284 ,caelum‘
656 2207 786 2268 fortasse
810 2208 946 2284 appellat
967 2213 1143 2267 sanctorum

36 2295 218 2375 angelorum
252 2297 326 2372 tria,
363 2309 442 2369 quae
476 2312 571 2372 snpra
599 2311 656 2354 nos
686 2294 791 2355 ordine
820 2311 944 2355 sursum
973 2293 1145 2354 escendunt

37 2388 157 2453 castra,
185 2382 226 2443 ad
249 2397 328 2458 quae
350 2389 477 2444 sancius
500 2381 612 2443 Paulus
631 2381 760 2442 fortasse
778 2382 967 2457 pertransiit,
997 2381 1146 2459 cognitio·

37 2484 120 2532 nam·
140 2466 267 2531 suarum
296 2471 512 2546 negationibus
539 2471 570 2528 in
598 2469 715 2528 illorum
750 2468 966 2528 affirmationes
998 2468 1143 2539 initiatus,

38 2558 69 2617 a
94 2556 269 2632 praecipuis
296 2557 485 2633 propriorum
511 2556 731 2632 privationibus
760 2555 881 2615 illorum
903 2555 1025 2615 habitus
1046 2554 1146 2613 imita-

38 2644 95 2701 tna.
140 2639 246 2703 Omnis
268 2643 348 2702 enim
371 2642 562 2703 rationalium
582 2646 692 2702 natura
711 2642 880 2702 secundum
898 2642 1035 2702 ordinem
1054 2656 1144 2699 soum

39 2732 69 2789 et
87 2726 265 2797 facultatem
287 2730 317 2788 in
341 2730 507 2805 superioris
530 2726 598 2803 ipsb
621 2731 775 2789 essentiae
796 2734 828 2790 et
850 2729 964 2789 ordinis
987 2729 1146 2806 gnosticos

38 2812 159 2875 babitus
188 2821 218 2874 et
247 2816 414 2891 positiones
442 2821 472 2874 et
501 2814 716 2875 affirmationes
747 2816 893 2890 privative
918 2816 1057 2876 ablativis
1081 2815 1145 2874 suis

39 2900 249 2979 negationibus
280 2901 415 2961 initiatur
446 2907 536 2975 atque
566 2918 621 2961 ens
649 2903 801 2975 imitatur,
836 2907 944 2977 estque
976 2901 1145 2962 secundum

40 2988 240 3063 mgnitionem
272 2987 432 3047 affirmatio
464 3003 569 3047 eorum
600 3004 678 3062 quae
708 2989 903 3064 superiacent
931 3004 1037 3048 eornm
1066 3002 1146 3062 quae

40 3073 175 3135 mareota
206 3078 291 3133 sunt.
311 3075 449 3151 negatio,
485 3079 578 3148 atque
612 3090 719 3134 rursus
746 3090 851 3134 earum
883 3090 962 3149 quae
991 3076 1145 3133 subiectae

40 3163 108 3219 aaut
134 3158 305 3221 secundum
334 3160 538 3238 cognitionem
570 3162 693 3237 negatio
725 3176 830 3220 earum
864 3175 943 3234 qnae
979 3162 1146 3234 superemi-

41 3249 110 3307 nent
144 3250 193 3306 est
228 3245 404 3322 affirmatio,
445 3261 544 3320 usque
579 3245 620 3307 ad
657 3252 833 3307 cunctorum
868 3247 958 3305 unice
994 3260 1145 3305 summam

40 3337 181 3393 naturam
209 3337 240 3393 et
269 3332 407 3392 ordinem
434 3333 577 3408 negative
605 3333 818 3410 progrediens,
849 3349 925 3407 quos
947 3337 1017 3407 post
1039 3345 1146 3390 omues

40 3416 160 3479 ordines
185 3424 216 3479 et
237 3422 407 3494 potestates
429 3418 605 3479 immediata
627 3420 715 3480 circa
730 3419 955 3494 deum'exeipit
977 3416 1146 3477 secundum

41 3506 242 3583 cogrritionem
269 3506 410 3582 negatio,
439 3520 518 3580 quae
546 3522 566 3565 a
588 3505 673 3566 nullo
699 3507 822 3566 omnino
845 3521 950 3566 eorum
974 3519 1053 3579 quae
1076 3507 1149 3563 sunt

41 3590 351 3666 montanasque
379 3591 461 3650 ullus
484 3592 523 3651 de
543 3593 646 3652 cetero
668 3592 792 3652 omnino
815 3591 883 3651 linis
906 3596 990 3651 extat
1013 3595 1067 3649 aut
1089 3594 1148 3649 ter·

40 3676 138 3738 minim
171 3678 222 3753 qui
249 3677 331 3737 banc
359 3678 553 3754 negationem
583 3676 832 3754 comprehendat.
885 3676 1149 3751 Quemadmodum

40 3764 118 3824 enim
148 3763 338 3839 sensibilium
369 3763 538 3825 secundum
565 3772 706 3826 naturam
729 3766 851 3840 negatio
874 3770 947 3824 sunt
969 3761 1149 3840 intellegibi-

39 3846 95 3923 llt,
116 3850 162 3911 lta
179 3851 271 3911 etiam
294 3850 325 3910 in
348 3851 463 3925 eisqui
487 3852 675 3927 superiorem
698 3850 844 3910 mundum
868 3849 1020 3925 complent
1041 3862 1149 3908 essen·

39 3935 87 3995 ills
114 3950 153 3997 ae
181 3936 383 4013 potestatibus
411 3936 631 4013 primariornm'
657 3937 825 3998 secundum
860 3937 910 3996 dei
944 3937 1148 4013 cognitionem

39 4036 118 4097 qaae
146 4022 303 4083 excellunt
330 4029 453 4100 propter
481 4025 727 4084 summissionem
758 4025 803 4083 eis
825 4039 905 4097 quae
927 4028 997 4098 post
1019 4037 1054 4081 se
1076 4024 1149 4080 sunt

39 4112 217 4187 nugantur·
244 4107 280 4169 Ut
303 4111 384 4169 enim
407 4125 484 4184 quae
508 4127 564 4170 nos
586 4109 762 4186 intellegere
786 4125 846 4169 non
869 4125 1054 4187 possumus,
1077 4122 1149 4167 san-

38 4194 111 4269 ctis,
134 4196 186 4270 qni
202 4210 264 4255 nos.
278 4198 439 4272 superant,
462 4197 581 4273 angehs
599 4195 752 4256 intellecta
776 4201 865 4265 sunt,
887 4197 928 4255 ita
952 4211 1031 4271 quae
1055 4208 1150 4270 ange·

37 4276 76 4343 lla
107 4295 168 4341 nos
201 4284 434 4357 superantibus,
479 4298 541 4343 non
575 4289 648 4343 sunt
675 4281 828 4343 intellecta
856 4283 901 4341 eis
929 4286 1001 4342 snut
1029 4279 1149 4357 angelis

36 4367 156 4429 uncus
183 4366 337 4431 intellecta
366 4384 446 4444 qnae
475 4369 533 4429 hos
565 4374 728 4445 superant,
762 4375 854 4444 atque
872 4369 926 4429 ‘ita
954 4367 1101 4443 deinceps
1130 4380 1149 4425 a
