2752 4778
1084 162 1133 241 98

18 349 192 411 existentes
222 347 414 411 universales
444 348 568 423 modos,
597 356 746 423 quantum
767 347 942 410 bominibus
964 353 1013 408 est
1034 351 1134 424 possi-

19 436 98 513 bile,
130 452 170 497 ex
192 437 261 512 ipsa
283 435 424 494 circaea
447 448 526 508 quae
549 441 622 495 sunt
643 435 780 512 diligenti
801 435 1047 518 consideratione
1064 450 1135 497 eru·
1247 447 1250 453 ’

21 521 91 597 diti,
129 524 161 599 in
198 523 309 596 quibus
344 519 420 582 deus
455 522 557 580 omnia
585 520 656 581 iecit
683 519 728 603 (in
756 520 816 581 boc
845 537 977 595 namque
993 536 1075 583 ,esse
1103 529 1134 583 et

23 612 101 683 bene
133 622 206 669 esse
232 614 262 669 et
289 622 409 682 semper
436 621 509 666 esse
538 607 675 667 conditor
702 624 760 667 nos
789 605 957 686 substituit)
991 613 1023 667 et
1054 605 1133 673 duos

22 694 148 771 quidem
171 698 323 755 extremos
345 691 448 753 asolo
471 691 530 753 deo
551 687 704 754 ⁴⁰habit0s
723 698 758 753 ut
778 709 797 753 a
814 709 925 767 causa,
949 692 1043 753 alium
1061 708 1132 755 vero

23 779 159 841 medium
177 786 209 841 et
227 784 332 839 nostro
349 777 531 854 pendentem
549 780 671 840 arbitrio
689 784 719 839 et
736 785 837 856 motu,
861 784 892 840 et
909 795 962 855 per
979 794 1016 839 se
1032 780 1133 856 ipsum

24 866 169 927 extremis
201 865 322 942 proprie
355 865 414 925 dici
445 870 670 940 praestantem,
710 872 742 926 et
773 882 811 927 eo
845 867 972 926 absente
1005 866 1133 926 abusive

25 953 67 1013 eis
96 952 191 1013 etiarn
220 951 384 1028 appellatio
412 952 620 1025 constituitur,
653 951 729 1011 illud
757 953 837 1014 bene
866 969 928 1012 non
949 952 1133 1013 habentibus

25 1040 240 1115 coniunctum,
264 1054 326 1099 non
349 1037 497 1113 aliterque
518 1054 613 1112 posse
630 1037 742 1098 adesse
760 1039 819 1112 eis,
843 1044 874 1098 et
892 1037 1037 1099 custodiri
1053 1053 1133 1113 quae

26 1128 55 1185 iu
75 1118 223 1199 exbemis
246 1130 294 1184 est
316 1125 491 1198 veritatem,
516 1139 607 1197 quern
631 1124 732 1184 lacere
756 1126 914 1185 consuerit
937 1125 967 1184 id
987 1123 1069 1198 quud
1086 1131 1135 1185 est

26 1214 101 1271 bene
124 1227 198 1272 esse
219 1225 274 1286 per
296 1209 430 1271 medium
452 1212 596 1270 extremis
619 1211 805 1285 admixtum,
829 1227 921 1286 qrram
942 1226 981 1269 ex
1002 1211 1070 1285 ipso
1093 1209 1134 1270 ad

27 1297 115 1359 deum
139 1313 261 1372 semper
282 1301 367 1357 motu
389 1295 619 1371 intellexerunt;
648 1302 678 1357 et
700 1297 845 1373 deinceps
867 1296 998 1358 naturali
1015 1297 1134 1355 ratione

28 1383 95 1443 binc
124 1383 393 1459 contemplativum
422 1383 543 1442 animae
571 1383 787 1454 extendentes,
821 1388 851 1443 et
879 1383 969 1443 modo
1000 1383 1132 1457 quodam

28 1485 92 1549 aon·
107 1474 249 1546 oportere
271 1469 511 1530 conversibiliter
529 1469 571 1528 uti
590 1468 779 1530 naturalibus
796 1470 1038 1546 operationibus,
1063 1485 1134 1544 pro·

28 1561 91 1631 pter
119 1559 316 1632 superantem
346 1555 521 1615 necessario
550 1556 785 1632 corruptionem,
820 1572 857 1616 eo
886 1555 977 1616 modo
1007 1555 1058 1631 qui
1086 1561 1135 1615 est

29 1658 78 1716 per
100 1642 282 1703 abusionem
295 1640 494 1707 ‚naturalibus
517 1643 677 1716 potentiis,
706 1643 774 1718 ipsa
795 1658 855 1701 non
878 1647 983 1702 utente
1004 1642 1134 1710 ratione,

28 1732 128 1806 aperte
157 1727 337 1802 audientes,
372 1743 409 1786 ac
435 1727 527 1804 plane
556 1744 610 1802 per
639 1727 797 1789 decentem
827 1734 955 1790 naturae
983 1727 1133 1789 rationem

29 1812 63 1873 ud
95 1814 196 1891 ipsius
227 1829 353 1874 causum
386 1813 455 1872 ferri
484 1812 666 1889 didicerunt,
706 1819 741 1875 ut
768 1814 852 1873 ande
886 1814 1061 1890 simpliciter
1088 1815 1132 1873 eis

28 1904 71 1960 est
98 1916 189 1971 esse,
218 1908 249 1962 et
269 1916 340 1960 vere
362 1915 436 1963 esse
457 1898 640 1976 quandoque
662 1902 819 1976 accipiant
871 1900 948 1974 Quid
971 1902 1050 1962 enim
1072 1899 1134 1959 ior·

29 1988 119 2047 tussis
147 1986 224 2047 lucri
252 1988 325 2061 erit,
362 1987 402 2046 ad
432 2001 466 2045 se
495 1987 579 2061 ipsos
609 2001 706 2062 aeque
734 1987 952 2047 ratiocinantes
982 1986 1131 2058 dicebaut,

29 2088 85 2133 non
116 2089 136 2133 a
166 2089 201 2133 se
230 2073 303 2148 ipso.
321 2073 463 2133 existenti
485 2071 603 2132 causali
624 2074 662 2133 ad
687 2074 844 2148 seipsum
868 2079 921 2133 aut
945 2071 1029 2133 aliud
1051 2072 1132 2146 quid,

29 2163 146 2234 praeter
174 2159 281 2233 deum,
311 2163 410 2233 moto,
446 2159 569 2232 quando
595 2159 625 2217 in
656 2161 803 2220 rationem
832 2159 928 2234 ipsius
958 2174 1028 2219 esse
1057 2156 1132 2217 nibil

27 2246 143 2306 sibimet
162 2260 182 2305 u
202 2261 238 2304 se
258 2245 324 2320 ipsc
346 2251 400 2305 aut
421 2245 459 2303 ab
482 2244 542 2306 alio
566 2244 697 2318 quodam
719 2249 840 2322 praeter
863 2245 955 2305 deum
978 2244 1138 2319 acquirere>
1206 2260 1207 2263 ¹

28 2332 142 2407 poterit
197 2330 253 2390 Per
278 2331 338 2392 boc
364 2331 500 2391 animum
531 2331 651 2406 quidem
682 2332 762 2393 circa
785 2330 884 2391 solum
907 2330 998 2391 deum
1021 2336 1051 2391 et
1072 2331 1131 2389 vir-

28 2422 103 2478 tutes
133 2417 201 2477 eius
229 2416 370 2494 intelligi,
404 2422 434 2476 et
461 2415 603 2477 ineffabili
630 2416 746 2493 gloriae
767 2416 964 2477 beatitudinis
985 2417 1052 2476 eius
1075 2416 1131 2477 ad-

26 2503 98 2580 dici,
122 2505 280 2567 ,retionem
312 2519 382 2564 vero
412 2504 607 2578 interpretem
635 2503 865 2582 intelligibilium
895 2504 975 2574 lieri,
1007 2508 1037 2563 et
1064 2503 1133 2563 lau·

26 2589 168 2668 datricem
199 2594 230 2649 et
256 2589 296 2650 ud
325 2606 363 2650 ea
390 2590 519 2650 unificos
547 2595 630 2649 recte
659 2590 817 2666 disputare
845 2589 970 2660 modos,
1003 2605 1129 2649 sensnm

25 2691 94 2737 veru
124 2690 180 2752 per
206 2676 353 2736 rationem
381 2675 572 2737 nobilitatum
604 2678 689 2751 ipsas
719 2678 750 2735 in
782 2677 927 2737 universo
955 2673 1129 2737 differentes

25 2755 150 2823 virtutes
174 2765 207 2822 et
227 2763 418 2838 operationes
440 2763 673 2838 imaginantem,
695 2763 726 2821 in
748 2762 797 2823 liis
820 2779 899 2838 quae
922 2768 1008 2838 suut,
1033 2778 1131 2837 quan·

25 2854 84 2909 tum
107 2847 255 2924 possibile
277 2855 342 2922 est,
373 2848 494 2909 animae
517 2850 699 2909 annuntiare
721 2849 855 2909 rationes
876 2845 900 2881 ⁴³
913 2849 1077 2922 docentes,
1101 2855 1131 2909 et

26 2950 75 3010 per
112 2935 248 2994 animum
288 2941 318 2994 et
358 2936 507 2995 rationem
543 2934 636 2994 veluti
671 2937 772 2995 navim
787 2998 790 3023 ἶ
808 2937 962 3011 sapienter
997 2936 1129 2995 animem

25 3022 247 3097 gubernantes,
281 3020 429 3081 lubricam
456 3021 537 3081 banc
567 3026 597 3081 et
624 3021 796 3082 instabilem
824 3028 856 3081 et
882 3024 913 3080 in
937 3021 1020 3081 aliud
1043 3021 1161 3085 aliter.

24 3106 183 3181 terentem,
214 3114 244 3168 et
265 3123 392 3168 sensnm
415 3108 581 3184 agitantem
603 3104 804 3177 rimantem,
833 3108 922 3167 siccis
945 3107 1130 3183 pertransie-

26 3199 92 3254 mat
112 3193 261 3271 vestigiis.

27 3487 294 3591 contemplatio
320 3490 458 3593 Moysis
484 3518 550 3592 per
575 3519 677 3569 mare
703 3495 887 3570 transitus.

126 3625 178 3688 Sic
207 3626 339 3688 fortasse
369 3645 501 3706 magnus
531 3645 654 3705 quoque
683 3629 733 3690 ille
762 3630 886 3706 Moyses
916 3629 1129 3704 omnipotentis

28 3712 81 3775 ictu
102 3713 248 3787 rationis,
279 3715 367 3774 cuius
390 3715 579 3790 symbolum,
609 3718 641 3775 ni
662 3716 766 3787 fallor,
789 3718 877 3794 virga
898 3720 979 3785 erat,
1002 3712 1041 3774 ad
1063 3728 1130 3773 ma-

29 3800 62 3860 ris
82 3802 181 3862 instar
203 3799 394 3860 sensibilium
417 3799 524 3862 fraude
546 3802 661 3872 divisa,
692 3809 745 3863 aut
767 3803 864 3881 magis
888 3803 1007 3879 proprie
1029 3800 1129 3861 dicam

28 3883 164 3962 disiecta,
194 3884 323 3946 solidam
353 3892 384 3946 et
404 3886 543 3948 stabilem
566 3887 680 3964 populo
703 3889 742 3949 ad
765 3889 884 3949 divinas
908 3888 1129 3964 promissiones

28 3971 194 4049 properanti
221 3972 362 4047 praebuit
390 3978 500 4033 terram
529 3974 568 4033 ab
598 3989 702 4035 eorum
725 3977 862 4054 vestigiis
884 3989 1041 4051 pressam,
1070 3972 1130 4035 hoc

28 4066 70 4119 est
97 4064 239 4120 naturam
268 4059 326 4118 sub
355 4075 481 4120 sensum
505 4059 665 4121 cadentem
689 4066 791 4122 rectae
812 4062 921 4121 rationi
943 4061 1131 4137 contempla·

26 4140 111 4206 bilem
144 4149 176 4207 et
202 4144 282 4206 bene
310 4142 506 4223 descriptam,
544 4146 683 4222 vitaeque
713 4148 876 4210 virtutibus
906 4153 1034 4208 ornatae
1062 4164 1130 4223 per-

90 4347 133 4396 42.
152 4345 233 4396 Verte
249 4345 411 4410 pendentes.
432 4343 527 4410 (Gale.)
581 4343 625 4399 43.
644 4343 746 4396 Mallem
764 4348 872 4400 docent.
896 4347 991 4413 (tiele.)
