2752 4778
232 221 306 298 664

65 428 166 530 ρωιρι
176 440 302 534 66
227 407 286 481 Ἐκ
310 414 378 481 τοιλ
399 408 515 484 αὐτοῦ
535 405 689 534 λόγου,
697 413 745 492 εἰς
729 407 824 501 τὸ,
851 406 933 484 Κολν
951 408 1090 506 Μαρία
1110 438 1169 494 τις
1186 405 1248 507 ᾗς,
1274 439 1327 484 ναν

67 533 146 573 ιιι-ι
174 533 222 584 ιη
281 507 304 606 6
332 510 422 608 ἄλλη
448 509 606 606 Μαρία,
640 508 713 587 666
739 511 926 635 Σαλώμη,
964 510 1037 587 κᾶν
1058 511 1246 606 Ἰωάννα,
1279 33 1368 587 666

67 583 97 623 ⁸⁶
111 585 182 626 ω’
280 638 421 706 666666
450 613 627 744 ὀρθρία.
673 613 740 689 ’λιλε
769 609 896 711 πρώτη
928 612 995 689 τὸν
1023 613 1192 699 λίθον’
1170 615 1329 714 ηραένον,

280 714 396 811 τυχὸν
416 713 457 793 66
480 715 544 790 καλ
564 715 651 800 τούς
673 717 871 872 ἀγγέλους,
895 715 959 791 καλ
978 718 1126 815 Ἰησοῦν
1152 715 1282 795 αὐτόν

337 845 499 932 Μαρία
483 875 510 950 η.
528 847 717 932 πρῶτη,έξ
700 841 780 928 ἧς
803 846 1025 931 ἰκιθέιλληκενι
1008 876 1025 915 ο
1049 848 1188 954 λύγος’
1174 849 1257 914 επτιλ
1278 853 1331 914 δαν·

227 932 344 1034 μόννα,
375 933 441 1001 έστλ
464 937 553 1000 πᾶσα
575 933 729 1044 66666666
752 932 855 1039 ψυγλι,
889 934 942 998 666
963 940 1020 1000 τοιλ
1042 934 1147 1019 λόγον
1169 940 1236 1000 τῶν
1257 931 1322 1019 6666

228 1017 360 1102 γελιιιῶν
397 1021 531 1086 ἐντολῶν
566 1025 618 1099 τῆς
654 1027 753 1128 6666
762 1017 817 1086 τὸν
853 1021 955 1086 αἰῶνα
987 1027 1103 1087 τοῦτον
1128 1027 1332 1133 καθαρθεῖσιν

229 1103 399 1185 πτοήσεως
450 1103 688 1190 ΉΕβδοματικὸς
716 1106 776 1192 γιλρ
797 1098 889 1182 οὗτος
912 1104 929 1172 6
952 1105 1047 1184 αἰῶν,
1080 1111 1144 1196 ’τῇ
1167 1108 1216 1185 εἰς
1239 1105 1333 1174 έαιπύι

229 1196 287 1258 τοιλ
314 1192 434 1278 χρόνον
462 1197 633 1275 περιελίξει
663 1193 895 1276 πληρούμενος,
925 1185 1048 1270 ούτινος
1067 1177 1262 1301 έλέυθεροῖ
1279 1194 1333 1270 τολι

220 1279 342 1347 ,ἑαυτοῦ
374 1276 588 1353 θιασιύταςί
572 1305 589 1344 ο
620 1279 730 1362 λόγος,
765 1278 889 1354 πάντας
921 1275 1035 1356 αύτούς
1062 1277 1240 1389 ιλπερανω
1249 1287 1334 1356 τιθεὶς

230 1369 292 1429 τῶν
323 1361 384 1430 666
415 1363 542 1473 γρόνον.
586 1362 627 1428 H
647 1369 682 1429 66
703 1363 780 1444 ι’ίλλη
803 1364 957 1448 Μαρία
943 1371 1010 1432 6666
1033 1370 1128 1432 πᾶσα
1152 1365 1243 1475 6666
1264 1374 1334 1434 θέοι·

230 1449 354 1539 ρητικλ,
376 1454 428 1516 δια
452 1475 595 1557 γνωσειος
616 1448 757 1530 ιλληθοιλς
779 1449 833 1530 τλιν
854 1451 935 1535 πρὸς
957 1450 1013 1517 τόν
1034 1451 1136 1535 λόγον
1155 1453 1241 1517 κατὰ
1257 1453 1334 1559 χύριν

229 1541 403 1645 κτησαμένη
430 1542 619 1619 συγγένειαν.
676 1536 812 1620 Σαλώμη
843 1540 878 1601 δέ
907 1536 1062 1618 66666‚‘'
1042 1564 1113 1618 ητις
1143 1538 1333 1622 ἑρμηνεύεται

66 1641 140 1682 ῦιΜ
151 1622 333 1705 25166666‘66
352 1651 368 1702 η
358 1620 600 1707 ”πλνιρεστιέτη,
624 1630 713 1689 πᾶσα
735 1622 818 1709 6666
844 1622 896 1686 666
917 1627 977 1707 μέν
995 1628 1057 1704 Ι
1020 1649 1073 1703 της
1096 1622 1323 1738 66060669'
1289 1653 1366 1692 ται

228 1712 344 1773 παθῶι
367 1708 586 1792 εἰρηνιύουσα,
610 1714 663 1773 καὶ
687 1714 724 1798 τλι
744 1716 915 1814 περιουσία
937 1715 998 1774 τῶν
1002 1717 1214 1814 πρακτικῶν
1232 1710 1333 1817 οἰριτιλι

228 1793 264 1860 τὸ
268 1793 426 1901 φρόνημα
443 1799 495 1873 τῆς
508 1794 629 1899 σαρκός
646 1778 958 1871 καθυποτιλξασα
913 1821 956 1884 τῳ
972 1795 1061 1884 νόμῳ
1076 1803 1140 1861 τοιλ
1157 1799 1333 1883 πνεύματος,

228 1878 279 1945 ιλιιλ
309 1884 344 1945 66
370 1885 424 1960 τῆς
451 1881 640 1984 πληρασειας
669 1885 731 1946 τῶν
756 1880 835 1946 κατολ
858 1887 1000 1990 θεωρίαν
1021 1891 1254 1966 πνευματικῶν
1274 1911 1332 1964 ναι·

226 1966 334 2051 μάτων
362 1965 416 2047 τνλν
446 1972 507 2031 τῶν
537 1965 636 2032 ὄντων
658 1973 775 2050 γνῶσιν
796 1965 875 2074 κατιλ
899 1966 934 2033 τὸ
959 1968 1094 2034 δυνατὸν
1118 1976 1238 2056 σοφῶς
1258 1996 1331 2077 περι·

227 2057 380 2137 λαβοῦσα.
427 2050 554 2119 Ἰαιιλννα
579 2052 648 2117 δέ
635 2079 740 2135 εστιν,
769 2054 835 2133 ἥτις
856 2053 1058 2139 ἑρμηνεύεται
1081 2057 1282 2167 περιστερὰ,
1307 2055 1331 2123 ιλ

227 2144 330 2228 πρᾶον
353 2143 433 2218 ζῶον
450 2145 503 2205 καλ
525 2137 645 2248 ύλγολον
662 2146 715 2206 καλ
734 2139 928 2223 πολύγονον,
951 2144 1038 2208 πιλσα
1056 2141 1145 2246 ιγυχῆ
1166 2143 1224 2208 666
1243 2143 1332 2230 πραύ-

228 2250 319 2305 τητος
346 2224 382 2290 τύ
406 2225 551 2310 ἐμπαθές
573 2225 773 2309 ιίποθεμένη,
803 2233 856 2291 καλ
879 2224 932 2336 666
955 2225 987 2290 66
1008 2227 1127 2311 666666
1147 2237 1332 2340 πολυγονίαι

229 2316 285 2376 τοιλ
311 2311 488 2394 πνεύματος
516 2311 716 2419 66666606'
697 2337 826 2396 εχουσα.
876 2304 983 2377 Λύταν
1006 2318 1041 2380 66
1041 2311 1307 2422 δακρύουσιν
1288 2343 1332 2425 ορ·

229 2404 340 2503 θριαι,
375 2402 515 2464 τουτέστι
545 2397 676 2504 δάκρυα
694 2403 868 2505 προχέονσι
897 2399 1067 2481 γνωστικολ,
1106 2402 1317 2482 ζητοῦσαν
1289 2429 1331 2468 τιν

134 2528 145 2549 .
228 2484 331 2565 πιλσης
352 2481 475 2592 ιλρετῆς
483 2509 516 2549 τε
537 2489 591 2550 καὶ
611 2484 755 2567 γνῶσιως
776 2479 992 2595 ολρχικῶτατον
1015 2485 1125 2569 λόγον.
1171 2493 1245 2557 Καὶ
1260 2493 1331 2602 πρῶ

229 2597 283 2635 τον
311 2567 412 2654 ιλρῶσι
441 2569 497 2635 τὸν
525 2571 663 2637 λίθον
649 2595 683 2636 εκ
711 2575 764 2650 τῆς
793 2567 943 2656 θύρας’
926 2576 1061 2682 γρμένον
1090 2578 1150 2640 τοιλ
1178 2585 1330 2661 μνημείου,

229 2661 370 2723 τουτέστι
399 2656 453 2735 666
482 2656 678 2764 ἐπικειμένην
707 2662 743 2736 τλι
770 2660 886 2744 καρδία
909 2662 961 2736 τῆς
982 2655 1145 2765 ἀσαφείας
1168 2668 1230 2727 τοιλ
1251 2662 1331 2747 λύγοι

229 2741 394 2846 πνύριοσιν·
434 2736 502 2808 εἶτα
536 2742 609 2819 τούς
638 2725 805 2846 ἀγγέλους,
845 2747 987 2809 τουτέστι
1019 2743 1095 2821 τούς
1124 2746 1160 2812 έν
1173 2749 1330 2856 πνεύματι

230 2834 291 2893 τῶν
318 2826 416 2894 ὄντων
445 2829 599 2913 φυσικούς
626 2827 754 2913 λόγους,
785 2835 891 2920 σιωπῆ
912 2829 1124 2916 κηρύττοντος
1147 2833 1207 2900 666
1228 2841 1330 2951 ποιαί·

230 2940 299 2979 τιον
319 2912 424 2998 λόγον.

221 3068 325 3139 ’Άλλο
352 3065 532 3161 θεολρνιμα
560 3071 608 3150 εἰς
634 3068 721 3151 τούς
749 3069 938 3168 ἀγγέλους.
1365 3076 1368 3155 Ῑ

1366 3164 1368 3191 Ι

327 3197 372 3309 Ἠ
398 3197 470 3276 τούς
497 3199 617 3310 λόγους
637 3204 690 3280 τῆς
719 3197 811 3283 ἆγίας
831 3205 970 3308 γραφῆς,
999 3201 1054 3282 666
1075 3213 1155 3293 περὶ
1178 3215 1330 3296 106⁰an-

229 3290 306 3354 στού
332 3283 374 3363 αλς
395 3290 478 3352 θεολ
499 3292 553 3352 καὶ
576 3283 810 3395 οἰνθραλπον,
798 3285 893 3372 η’γονν
916 3286 970 3367 666
991 3296 1066 3372 περὶ
1085 3298 1271 3403 θεολογίας
1289 3302 1329 3364 κολ

230 3374 433 3483 οἰκονομίας,
451 3376 656 3481 τραγοτέραν
680 3369 790 3449 αύταίς
818 3378 1056 3459 παρεχομένους
1083 3379 1228 3448 ἔννοιαν.
1271 3385 1329 3449 Ἕνιι

228 3457 289 3571 γάρ
320 3485 415 3566 φησιν
444 3456 461 3524 6
492 3458 588 3544 λόγος
616 3455 712 3535 αύτιλς
729 3458 910 3568 έυιρακέναν
939 3460 1020 3544 πρὸς
1048 3468 1085 3554 66
1114 3475 1259 3562 κεφαλη,
1287 3474 1328 3536 καλ
1366 3472 1368 3537 f

229 3544 282 3611 666
310 3544 392 3632 πρὸς
419 3556 487 3622 τοῖς
514 3553 605 3610 ποσί.
667 3544 757 3629 Πριλς
786 3551 823 3636 66
850 3551 972 3636 κεφαλῇ
999 3546 1060 3633 γὰρ
1066 3533 1230 3618 εἰναι
1208 3556 1265 3623 τόν
1289 3579 1329 3635 της

229 3637 401 3740 θεολογίας
422 3631 521 3715 λόγον
543 3631 594 3695 666
618 3631 672 3713 666
693 3615 832 3711 θεύτηέα
854 3659 909 3697 τον
896 3637 1094 3721 Χριστοῦ,
1120 3640 1207 3724 πρὸς
1225 3647 1259 3708 δέ
1276 3652 1328 3717 τοίς

227 3725 306 3785 ποσὶ
329 3717 385 3783 τόν
407 3723 460 3798 τῆς
482 3719 669 3827 οἰκονομίας
691 3716 743 3782 666
766 3717 820 3798 τὴν
842 3719 1019 3802 σολρκωσιν,
1044 3749 1099 3788 και
1089 3729 1316 3813 Χριστονλ
1284 3754 1328 3838 μιν

228 3804 365 3886 κεφαλῆν
387 3802 440 3884 τὴν
462 3802 601 3883 θεύτητα
624 3799 737 3886 αύτοιλ,
765 3805 869 3881 πόδας
891 3804 979 3869 66'
947 3832 1002 3885 την
1024 3805 1315 3896 ιλνθραιπότητα’
1284 3843 1326 3880 αι·

228 3897 284 3956 τού
305 3896 403 3974 λέγων
424 3916 471 3967 τις
492 3894 549 3956 τοιλ
570 3890 695 3966 εἰκότος
718 3888 776 3975 οιλγ
798 3888 1022 3975 ἁμαρτήσεται

222 4058 325 4129 ’Άλλο
353 4054 534 4152 θιαλριιιια
562 4064 610 4141 εἰς
636 4060 724 4143 τούς
750 4060 897 4144 αὐτούς.

325 4188 369 4254 Η
396 4191 491 4275 τυχὸν
519 4191 573 4270 τιλς
602 4192 680 4259 κατολ
711 4199 890 4276 σνιείδησιν
919 4205 992 4280 περὶ
1016 4199 1255 4306 τὸνλόγον
1221 4233 1269 4286 της
1287 4202 1325 4272 εἰ·

228 4280 353 4358 σεβιίας
380 4277 517 4357 κινήσεις
544 4273 625 4344 εἰναι
655 4281 728 4357 τούς
756 4281 920 4364 ιίγγέλους,
957 4283 1010 4348 ιλιολ
1040 4283 1095 4365 666
1125 4299 1265 4372 παντελῆ
1287 4296 1325 4369 ιλ(

228 4369 339 4438 κακίας
369 4389 400 4428 τε
431 4372 483 4429 καλ
506 4363 663 4450 ιλγναισίας
685 4365 854 4450 ιίποιλολην.
898 4372 1113 4452 κηρυττούσας
1135 4377 1247 4458 αύταῖς
1267 4405 1322 4457 ναι·
