2768 4784
1160 206 1233 283 tit

123 392 218 453 aliter
250 397 371 471 agunt,
400 406 480 466 quae
501 395 647 468 petuntur
670 390 847 451 naturaliter
869 394 1041 467 patiuntur,
1071 409 1140 453 cum
1161 410 1236 470 pas·

122 480 215 541 tionis
236 478 455 541 'et-adilonis
490 478 651 538 temrinnm
671 476 820 539 babeant
849 484 985 539 mutuam
1012 480 1090 540 inter
1118 495 1152 539 se
1182 497 1236 556 per

122 565 260 629 meffium
282 562 522 627 cohaerentiam·
569 563 670 637 Quare
688 562 727 623 de
749 563 860 624 divinis
883 565 963 640 qnod
986 567 1121 643 imagine
1141 582 1236 643 appa-

126 654 170 713 ret
197 666 265 714 non
299 650 414 713 adesse
446 654 580 712 statuere
609 654 851 710 consentaneum
880 652 1016 723 videtur,
1052 652 1177 727 quando
1205 654 1236 712 id

132 752 186 799 ron
207 740 271 799 iam
293 736 470 799 adlatumm
492 741 541 797 est
563 734 645 811 quod
665 736 836 797 secundum
859 739 1010 814 propriam
1032 740 1237 800 substantiam

138 824 168 885 td
192 826 238 887 rei
264 824 366 885 instar
386 824 448 884 iam
469 823 575 899 adest,
605 838 704 897 neque
727 823 862 882 divinum
886 824 1070 886 simulasse
1093 827 1235 901 creditur,

142 926 196 971 mm
225 909 400 973 naturalem
434 909 686 983 consequentiam
715 909 789 968 nihil
819 917 951 986 superet.
1017 909 1092 972 Nam
1124 914 1149 971 si
1178 929 1235 973 nas

144 1002 217 1059 ιιιιιι
242 1012 300 1075 per
327 1011 469 1057 somnum
497 995 695 1073 imaginando
723 1001 754 1055 et
780 996 920 1057 videmus
943 999 1153 1073 claudimus,
1182 1015 1236 1059 ne-

145 1084 207 1145 nlne
226 1084 452 1161 saepenumero
474 1087 639 1158 praesente
660 1082 711 1156 qui
730 1081 873 1156 loquatur
892 1088 944 1142 aut
963 1083 1115 1160 videatur,
1141 1086 1235 1146 multo

147 1170 224 1247 nagb
246 1168 409 1248 vigilantes
429 1185 538 1229 revera
560 1168 660 1229 sancti
681 1167 742 1227 hoc
763 1170 931 1244 patientur,
969 1168 1027 1229 deo
1049 1172 1079 1229 ιιι
1103 1172 1148 1230 eis
1171 1173 1236 1249 agi-

148 1262 214 1317 unte
228 1257 306 1317 mira
328 1255 462 1330 quadarn
483 1255 584 1332 gratia
606 1253 815 1331 vigilantibus,
840 1255 923 1331 quod
945 1270 1003 1315 nos
1022 1261 1149 1318 naturae
1167 1257 1236 1335 lege

148 1358 190 1416 per
205 1358 346 1405 somnum
367 1343 431 1418 pati
453 1341 696 1401 consuevimus:
732 1339 808 1413 ‚Non
830 1341 979 1401 fallacem‘
1001 1348 1105 1404 antem
1127 1346 1235 1418 ‚noctis

148 1428 287 1491 bimam
308 1444 381 1489 eum
404 1429 544 1504 suspicor
566 1426 667 1487 dicere
689 1432 743 1486 aut
764 1443 865 1487 rerum
884 1427 1050 1489 iuturamm
1068 1432 1098 1489 in
1119 1431 1235 1490 somnis

148 1520 240 1577 anan
261 1520 355 1589 atque
377 1514 553 1575 accuratam
575 1512 894 1588 comprehensionem,
922 1520 957 1575 ut
977 1508 1108 1592 l'nsepho
1127 1524 1158 1578 et
1175 1515 1236 1577 Da-

147 1600 201 1661 niel
219 1601 345 1677 accidit,
376 1606 430 1663 aut
453 1616 552 1661 rernm
575 1600 747 1660 divinarum
771 1602 918 1662 visionem
938 1602 1109 1678 quandam,
1134 1605 1236 1664 cuius·

146 1687 209 1747 nodi
233 1688 273 1750 de
300 1686 453 1764 perfecta,
489 1686 575 1762 quae'
596 1702 636 1746 ex
666 1701 787 1747 summa
817 1688 956 1762 puritatis
983 1695 1015 1749 et
1043 1690 1235 1751 innocentiae

145 1771 312 1847 pbnttudine
348 1775 485 1835 nascitur
518 1771 779 1850 impassibilitate,
821 1775 867 1834 vel
902 1777 1021 1835 carneis
1058 1782 1235 1837 sanctorum

146 1858 223 1921 taulis
248 1861 401 1922 obveniat.
447 1858 655 1934 ,Principalis‘
685 1864 804 1933 antem,
833 1861 861 1920 id
893 1867 940 1921 est
969 1864 1095 1936 mentis,
1129 1880 1235 1938 ‚prae-

145 1945 208 2007 mn
225 1948 476 2025 impressionem?
500 1947 653 2006 dicentem
676 1946 815 2020 suspicor
836 1964 908 2006 eum
926 1949 1096 2024 significare
1117 1950 1236 2010 futuro·

145 2046 195 2093 mm
213 2034 395 2107 simulacra,
418 2033 533 2093 sanctis
557 2033 706 2109 singulari
729 2033 861 2107 quodam
884 2035 975 2094 modo
992 2050 1047 2108 per
1066 2035 1234 2110 simplicem

143 2118 278 2195 quendam
308 2119 454 2195 nudoque
481 2118 642 2179 intervallo
671 2118 834 2178 distantem
865 2120 1035 2180 intellectus
1058 2121 1234 2196 applicatio·

143 2218 198 2267 nem
222 2207 411 2283 apparentia.
467 2205 566 2279 Atque
596 2221 654 2282 ego
684 2203 805 2278 quidem
828 2205 905 2265 haec
928 2206 966 2265 dc
989 2207 1057 2265 istis
1080 2207 1235 2267 coniectu·

122 2290 228 2355 taliter
241 2292 346 2353 dicere
360 2290 528 2367 audebam,
553 2292 604 2366 qui
618 2291 798 2365 experiundi
811 2292 960 2352 eiusmodi
975 2293 1105 2368 gratiam
1125 2299 1234 2353 nactus

122 2376 193 2467 loon
208 2379 282 2454 aim,
311 2379 379 2439 das
402 2377 547 2453 quidem
539 2393 626 2437 russo
646 2378 696 2452 qui
715 2377 745 2436 id
764 2377 837 2437 mihi
857 2379 971 2456 negotii
988 2380 1126 2439 iniunxit.
1172 2377 1233 2440 Sed

122 2438 247 2541 islqnls
273 2480 393 2527 eorum
410 2466 463 2539 qui
495 2464 624 2541 gratiam
657 2465 739 2523 nacti
772 2469 844 2525 sunt
832 2464 959 2525 thano
991 2465 1233 2540 qualemcunque

140 2564 226 2613 mam
247 2552 443 2629 scriptionem
464 2548 588 2629 legerit,
613 2566 705 2628 rogo,
731 2566 770 2610 ne
793 2567 842 2611 me
864 2550 1050 2626 petulantiae
1071 2553 1232 2625 criminari,

122 2632 184 2697 'aed
201 2639 301 2717 magis
323 2636 544 2699 oboedientiam
566 2637 697 2711 probare
719 2636 792 2697 velit
801 2683 808 2707 ,
780 2639 961 2698 tetiamsi
982 2639 1042 2697 ista
1069 2639 1233 2714 disputatio

138 2738 240 2787 eomm-
260 2739 341 2800 qnae
375 2723 531 2800 proposita
561 2728 650 2783 erant
678 2738 830 2783 summam
865 2729 894 2784 et
923 2724 1078 2785 cardinem
1108 2724 1235 2786 demon·

138 2811 240 2871 ιιιιιιιιι
264 2811 324 2870 viru
345 2806 483 2871 babebat
501 2808 625 2870 nullam.
666 2836 667 2840 ¹

134 2976 183 3055 Ex
198 2980 330 3057 eodem
344 3002 529 3071 sermone,
556 2980 597 3052 in
612 2979 712 3053 illud
721 3035 730 3071 ,
760 2975 888 3070 ,Quod
902 2979 933 3052 si
950 2976 1068 3052 Paulo
1084 3004 1126 3052 ea
1142 3005 1234 3079 quae

174 3084 325 3159 tertium
355 3083 518 3173 caelum,
554 3091 662 3181 atque
690 3082 735 3156 ad
758 3081 858 3156 iilud
878 3107 995 3180 usque
1018 3082 1232 3181 progressio,

172 3184 445 3367 ffiffipsim
489 3185 552 3258 vel
585 3186 803 3285 assumpti0‚
841 3184 1025 3276 exhibuit,
1061 3184 1234 3283 evulgare

228 3423 320 3497 Qui'
313 3438 346 3482 ιιι
374 3422 483 3482 divinis
513 3423 666 3498 sapienter
696 3423 888 3482 sermonibus
913 3422 1026 3480 versati
1048 3425 1120 3480 sunt
1142 3435 1235 3480 voca-

128 3508 278 3581 bulorum,
301 3510 328 3569 si
346 3508 606 3585 comprehendere
625 3509 783 3584 volumus,
806 3496 1031 3607 parternffsnbst
1033 3507 1133 3566 antiae
1150 3522 1232 3574 esse,

127 3600 237 3669 partam
260 3593 446 3666 affectionis,
475 3596 586 3671 partim
614 3597 732 3673 gratiae
762 3599 815 3655 aut
842 3594 994 3669 perniciei.
1049 3592 1145 3665 Quale
1173 3597 1231 3662 est,

128 3683 312 3745 mbsuutiae
335 3681 473 3758 quidem,
504 3686 628 3741 uicum
652 3681 756 3741 dicunt
785 3679 929 3754 ‚hamo‘3
958 3676 1126 3739 affectionis
1148 3693 1231 3746 vero,

126 3774 154 3829 ιι
169 3786 240 3831 enm
257 3768 363 3829 dicunt
385 3769 516 3843 ‚bonus‘,
546 3767 594 3827 vel
618 3773 777 3841 ‚sanctns‘‚
808 3765 855 3825 vel
879 3766 1015 3841 ‚sapiens
1035 3766 1149 3837 homo‘,
1179 3769 1232 3823 aut

126 3856 304 3917 urbanum
326 3854 399 3915 huic
422 3853 540 3929 ,malus
562 3853 681 3925 hamat
715 3853 762 3912 vel
785 3852 967 3926 ,insipiens‘
991 3851 1038 3908 vel
1062 3851 1231 3926 ,impurus‘

126 3936 176 4021 (ad
198 3939 312 4017 aliquid
335 3941 416 4001 enim
438 3940 632 4016 aliquomodo
658 3955 692 3999 se
714 3939 829 4001 habere
849 3952 953 3997 eorum
975 3951 1051 4010 quae
1073 3936 1231 3995 contrariis

126 4024 234 4089 directe
256 4027 372 4088 distant
389 4026 630 4103 unumquodque
648 4024 765 4085 affectio
784 4026 849 4084 sive
867 4022 973 4082 relatio
993 4028 1230 4098 repraesentans

125 4113 187 4175 iura
208 4130 249 4177 ex
272 4115 382 4190 quibus
405 4114 571 4175 voluntatis
593 4113 731 4174 habitum
754 4110 846 4171 babet
868 4111 949 4170 intus
973 4115 1155 4185 conceptum
1178 4125 1233 4186 ap-

125 4198 246 4281 pellat),
276 4201 393 4278 matisc
421 4216 510 4275 vero,
541 4216 609 4261 cum
641 4199 733 4258 homo
757 4199 834 4257 deus
856 4198 886 4255 in
910 4196 1103 4255 sermonibus
1127 4195 1232 4271 appel·

125 4282 218 4363 latur,
246 4285 339 4347 homo
360 4301 416 4363 per
434 4287 537 4348 omnia
556 4286 614 4346 deo
633 4286 798 4346 oboediens
817 4284 933 4352 iactus,
959 4281 1128 4342 secundum
1147 4281 1230 4354 illud,

126 4370 198 4451 ,ago
224 4371 305 4447 diui,
340 4372 389 4433 dei
417 4377 532 4447 estote,
564 4388 620 4434 nec
648 4377 757 4433 natura
787 4386 844 4431 nec
866 4366 1023 4429 allectione
1047 4369 1137 4431 deum
1161 4383 1231 4429 esse
