2752 4778
215 182 263 274 λλ

213 383 315 461 ἔστιν,
350 380 484 447 ἕκαστον
512 344 547 444 δέ
569 381 632 443 τῶν
652 373 829 487 γεγονότων
849 378 955 443 θέλων
978 380 1163 457 πεποίηκεν,
1210 390 1230 417 ⁴

214 469 283 535 ἴδια
287 461 524 576 θελῆματα
508 491 525 530 ο
555 463 634 541 θεός
656 461 694 528 τά
717 459 795 529 ὄντα
816 463 983 573 γινώσκει,
1012 462 1120 543 έπειδῆ
1142 469 1186 529 καὶ

214 553 252 620 τά
284 550 361 619 ὄντα
389 557 572 631 πεποίηκεν.
631 546 795 615 Ἐντεῦθεν
827 546 909 615 δέ
876 548 1079 659 ορμμῦμενος
1106 548 1190 657 έγωγε

215 637 295 708 κατά
316 638 447 716 τούτους
469 638 621 745 είρῆσθαι
644 640 681 727 τῆ
701 637 809 724 γραφῆ
831 634 904 713 τοῦς
925 637 1060 743 λόγους,
1081 633 1118 700 τῦ
1126 633 1231 719 ,Ἔγί

215 723 323 836 παρά
319 723 447 804 πάντας,
453 720 552 834 πρός
568 705 722 804 Μωυσῆν,
744 727 799 787 καὶ
812 729 893 828 περί
908 747 1003 787 τινων
1023 719 1072 803 τδ,
1086 719 1231 832 Ἔγνω·-

1 855 5 861 -
54 836 102 875 coa.
117 829 207 875 nm
217 809 289 889 τοῦς
310 808 404 889 όντας
426 806 538 888 αῦτοῦ,
561 815 615 874 καὶ
637 807 733 914 μάλιν
742 807 837 916 πρός
857 833 944 885 τινας
966 805 1020 887 τό,
1042 804 1108 873 Οῦκ
1131 801 1198 872 οἶδα

53 880 240 1027 {6⁰6⁸6616'‘
217 923 259 975 ως
286 897 421 964 ἕκαστον
449 893 644 976 δηλονότι’
625 922 642 974 η
673 891 751 960 κατά
781 893 817 958 τό
845 898 972 978 θέλημα
1000 900 1054 960 καὶ
1082 892 1139 959 τόν
1158 893 1231 976 λόγι

53 985 187 1089 {63²9
186 981 304 1080 ,παρά
325 981 362 1047 τό
385 986 537 1092 θέλημα
533 987 587 1047 καὶ
610 979 664 1046 τόν
686 978 784 1064 λόγον
811 985 868 1045 τοῦ
896 981 1029 1046 θεοῦ”
1040 1002 1231 1066 προαιρετικ·

53 1050 161 1144 ω’,
100 1090 130 1135 ιτ
216 1094 305 1150 νησις
325 1074 379 1148 τῆς
399 1064 537 1144 θείας’
517 1071 654 1134 ακοῦσαι
677 1070 781 1152 φωνῆς
802 1064 1032 1179 παρεσκεύασε.
1077 1071 1184 1131 Ταῦτα
1208 1092 1231 1131 κ

216 1158 349 1221 τοιαῦτα
376 1153 433 1221 τδν
460 1153 672 1240 θεοφόρον
657 1157 770 1218 τοῦτον
792 1146 952 1238 ἄνδρα
916 1178 1009 1259 οιμαι
1032 1149 1190 1231 νοῆσαντα
1210 1153 1232 1217 εἰ

217 1238 345 1307 ἐπειδάν
372 1239 408 1306 τῦ
437 1244 583 1315 θεοειδές
613 1242 708 1305 τοῦτο
731 1244 785 1304 καί
807 1244 918 1320 θεῖον,
946 1235 1002 1303 τόν
1022 1234 1175 1349 ῆμέτερου
1195 1263 1229 1304 νο

216 1333 271 1395 καὶ
291 1325 407 1437 λόγον,
429 1351 472 1416 τῳ
459 1325 604 1436 οἰκείῳ
597 1327 863 1433 προςμίξωμεν,
885 1330 940 1390 καὶ
956 1351 974 1403 η
962 1320 1087 1390 είκών
1106 1323 1221 1415 άνέλθχ

216 1414 253 1479 τό
263 1391 487 1522 ἀρχέτυπον,
506 1404 545 1477 οῦ
574 1417 630 1476 νῦν
660 1409 741 1516 ἔχει
754 1437 809 1491 την
834 1411 964 1519 ἔφεσιν
1001 1406 1087 1494 ὁμοῦ
1117 1417 1221 1476 τεκαὶ

217 1494 332 1565 ταῦτδν
359 1497 412 1563 διά
443 1503 505 1563 ταῖν
532 1501 671 1605 μικρῶν
683 1495 803 1562 τοῦτων
828 1493 975 1610 ῥημάτων
997 1501 1055 1561 τοῦ
1077 1521 1156 1563 ποτε
1177 1501 1231 1563 τοῦ

218 1589 280 1651 τῶν
310 1582 410 1650 όντων
437 1583 671 1669 ἐφθακέναι
637 1609 673 1648 το
695 1586 813 1689 μέτρον
836 1583 967 1649 οἴεσθαι
990 1585 1221 1660 διδασκαλικῶς

216 1696 314 1782 γοντα
343 1668 414 1747 τοῦς
441 1671 644 1770 νομίζοντας,
673 1674 726 1734 καὶ
755 1668 810 1734 τόν
839 1673 897 1734 τοῦ
917 1673 985 1746 ποῦς
985 1669 1109 1776 ,μοῖρά
1130 1673 1222 1755 ἐσμεν

216 1754 316 1866 λόγον
337 1754 596 1870 παρμδηλοῦντα,
625 1760 678 1821 καὶ
697 1752 750 1835 τῆν
760 1758 1001 1862 μέλλουσαν
963 1781 1019 1834 της
1033 1763 1196 1865 μακαρίας
1211 1762 1233 1821 λι

218 1841 411 1922 ίδιότητα’
376 1841 612 1952 αινιττόμενου,
634 1845 687 1906 καὶ
705 1839 787 1928 πρὸς
805 1839 860 1919 τῆν
876 1840 1028 1907 δι’σειστον
1044 1839 1140 1921 αὐτῆς
1155 1848 1208 1908 καὶ
1225 1869 1233 1906 ι

217 1953 309 2008 νητον
324 1954 378 1994 και
369 1924 539 2038 οῦδαμοῦ
550 1933 813 2012 μεταπίπτουσαν
826 1925 1006 1994 άπόλαυσιν
1022 1933 1233 2040 παρορμῶντα

218 2015 271 2123 ἐπὶ
294 2014 394 2123 τούτῳ
417 2012 456 2081 δι
478 2017 607 2089 ἐλπίδος
628 2017 885 2124 καθαιρομένους
906 2018 960 2079 καὶ
982 2012 1234 2091 σπεῦδουταςῆ

216 2099 289 2187 γάρ,
305 2080 385 2178 ὧςεί
394 2098 476 2186 πρὸς
492 2097 511 2166 6
521 2099 641 2223 ἔχομεν
658 2095 754 2187 οῦσίιι
773 2126 805 2165 τε
824 2126 877 2166 και
867 2098 1034 2188 λόγῳ
999 2126 1053 2177 τας
1071 2099 1227 2185 ἐμφάσεις

217 2189 315 2291 λόχον
333 2193 387 2253 καὶ
406 2187 504 2298 φῦσιν
521 2164 836 2291 ωευθνπορῆσαιμεν
853 2182 937 2276 ἆπλῆ
952 2192 1134 2295 προςβολῆ,
1156 2193 1209 2252 και
1225 2214 1234 2249 ι

216 2273 320 2353 πάσης
347 2277 401 2354 τῆς
431 2272 561 2350 σίαςοῦν
590 2271 741 2352 ζητήσεως
768 2278 882 2375 χωρὶς,
915 2255 1038 2380 περλ“
1018 2299 1055 2350 ην
1074 2255 1233 2357 μόνηνέσ

216 2366 342 2425 πταίειν
363 2366 461 2428 καὶσ
440 2358 663 2469 σφάλλεσθαι,
693 2359 845 2436 θεοειδεῖς
865 2385 944 2424 κατα
932 2356 999 2424 τδ
988 2358 1202 2470 ἐφικτόν
1167 2383 1203 2424 τα
1220 2387 1234 2424 π

218 2445 411 2554 είσόμεθα,
423 2450 532 2531 μηκέτι
561 2441 644 2510 δι”
630 2443 762 2528 α’γνοιαν
790 2449 843 2525 τῆς
863 2450 937 2532 περὶ
959 2441 1039 2510 αῦτά
1061 2443 1234 2526 κινῆσεως

216 2531 366 2618 χόμενοι,
388 2527 430 2610 ὡς
448 2539 502 2597 νολ·
521 2536 565 2617 τῷ
588 2530 714 2636 μεγάλῳ
736 2537 790 2597 καὶ
812 2530 898 2637 λόγῳ
920 2536 974 2596 καὶ
995 2531 1150 2618 πνεύματι
1173 2531 1227 2598 τόν

218 2643 310 2728 τερον
338 2621 414 2683 νοῦν
441 2642 474 2682 τε
503 2623 556 2683 καὶ
562 2614 683 2726 λόγον
711 2623 766 2682 καὶ
787 2622 924 2722 πνεῦμα,
957 2622 1084 2722 μάλλον
1113 2623 1148 2684 δε
1171 2619 1234 2685 όλω

219 2703 349 2779 ὅλους“
335 2703 467 2780 εαυτοῦς
488 2699 530 2779 ὥς
551 2699 717 2807 ἀρχετύπῳ
739 2701 840 2769 είκόνι
861 2702 1154 2817 προςχωρῆσμντες.

218 2796 271 2855 καὶ
302 2789 335 2854 έν
363 2795 408 2898 τῷ
434 2795 509 2876 περὶ
535 2788 674 2898 χαλάζης
702 2788 788 2878 λόγῳ
819 2793 985 2867 διέξεισιν,
1025 2786 1145 2858 οῦτωσὶ
1176 2791 1235 2897 φάο

57 2904 104 2944 σοι
120 2898 210 2946 ινιτ..
204 2878 313 2958 .,,Καῑ
331 2855 404 2953 τοῦς
421 2879 480 2969 μέν
492 2874 544 2964 Ι
509 2900 545 2941 το
565 2872 732 2962 άφριιστον
751 2880 818 2961 φιῦς
837 2879 1033 2958 διαδεξεται,
1055 2883 1109 2941 καὶ
1129 2875 1146 2957 6
1165 2882 1235 2958 τῆς

218 2967 272 3027 καὶ
307 2963 476 3045 βασιλικῆς
502 2967 644 3047 θεωρίας
662 2964 799 3073 τρίοδος
828 2960 1051 3046 έλλαμποῦσης
1079 2963 1235 3073 τρανότερ

219 3052 273 3114 καὶ
302 3047 547 3135 καθαρώτερον,
575 3054 629 3114 καὶ
659 3047 732 3128 ῦλης
761 3048 826 3136 ὅλῳ
848 3056 903 3114 νοῒ
920 3052 1125 3159 μιγνυμένης,
1154 3046 1191 3129 ῆν
1213 3054 1235 3116 δι

218 3134 319 3242 μόνην
347 3141 516 3220 βασιλείαν
545 3131 707 3245 οῦραυαῦν
716 3134 777 3218 ἐγώ
807 3141 959 3240 τίθημαι,
989 3131 1081 3214 ῆνίκα
1103 3134 1236 3219 ῆδονῆῆ

56 3232 92 3273 Ed
101 3231 141 3271 ⁰⁸¹
152 3226 211 3281 921.
204 3228 277 3287 ·καὶ
295 3214 516 3307 ἇγάλλεται,
503 3245 556 3287 ινα
578 3231 646 3297 τοῖς
667 3217 766 3286 αῦτοῦ
787 3221 947 3331 τολμήσας
969 3220 1101 3326 συνάψω
1124 3206 1236 3308 τὰέμα

218 3312 307 3374 πάσα
329 3314 432 3384 κτίσις
453 3307 563 3392 λογικῆ
588 3304 727 3391 άγγέλων
749 3331 781 3372 τε
803 3314 857 3372 καὶ
880 3303 1134 3394 άνθράπων,“
1113 3332 1190 3375 οσοι
1210 3337 1233 3395 μ

218 3397 280 3458 τῶν
301 3394 383 3482 πρὸς
405 3392 441 3460 τὸ
465 3397 554 3469 τέλος
576 3392 655 3458 κατὰ
680 3393 737 3474 τῆν
758 3400 883 3473 κίνησιν
904 3399 1045 3504 φυσικῶς
1063 3417 1236 3482 συνηρμοσγ

217 3472 327 3558 αῦτοίς
343 3486 443 3546 θείων
460 3479 563 3563 λόγων
581 3478 668 3564 παρά
687 3504 744 3544 του
731 3483 958 3564 δημιουργοῦ
972 3479 1006 3555 ἐξ
1019 3477 1236 3590 άπροςεξίαςι

218 3571 382 3678 φθειραν,
399 3567 595 3633 διεσώσαντο
619 3570 654 3630 δὲ
674 3571 798 3670 μᾶλλον
821 3565 997 3650 σωφρόνως
1013 3565 1145 3644 έαυτοῦς
1162 3568 1236 3635 ὅλου

217 3678 493 3740 απαρατρεπτους,
525 3647 568 3727 οῦς
584 3650 722 3727 θείας”
701 3675 822 3763 οργανα
846 3651 987 3736 φάσεως,
1009 3659 1062 3717 καὶ
1086 3650 1181 3731 άντας
1203 3678 1237 3720 κο

219 3743 412 3823 νησομένους
439 3737 576 3819 εἰδότες,
606 3733 661 3813 οῦς
690 3736 729 3802 δι
755 3737 833 3803 ὅλου
856 3738 932 3814 ὅλος
953 3736 1090 3825 περιφῦς
1112 3737 1130 3804 6
1154 3739 1234 3818 θεδς

149 3880 150 3884 ,
218 3849 282 3890 πον
312 3830 430 3912 ψυχῆς,
467 3824 568 3909 δι’ςπερ
601 3826 678 3907 μέλη
713 3824 861 3908 σώματος
890 3823 984 3910 ι’ίρτια
1014 3831 1068 3890 καὶ
1098 3824 1237 3912 εῦχρηστ

219 3912 356 4002 δεσπότη
387 3914 636 4015 γενησομένους,
664 3910 747 3995 πρδς
776 3911 811 3974 τό
841 3912 957 3975 δοκοῦν
974 3916 1230 4023 μεταχειρίζεται

219 4000 272 4076 τῆς
300 3981 422 4074 οἰκείας
448 4003 571 4101 πληροῖ
596 3994 689 4075 δόξης
711 4020 744 4060 τε
765 4001 820 4061 καὶ
840 4020 1092 4105 μακαριότητος,
1120 3997 1200 4079 ζωην
1221 4003 1237 4065 6

219 4090 273 4149 καὶ
283 4079 555 4171 χαριζόμενος
522 4108 577 4162 την
599 4079 706 4146 άΐδιόυ
727 4106 759 4146 τε
782 4087 836 4147 καὶ
859 4078 1087 4164 άνεκλάλητον,
1123 4092 1177 4151 καί
1206 4112 1237 4151 πι

289 4305 331 4356 39.
358 4303 553 4371 προαιρετικοῖς
578 4304 620 4357 ed.
639 4303 693 4355 Gal.
766 4299 819 4357 4().-
835 4297 1026 4369 εὐθυπορῆσαι
1049 4298 1103 4371 μὲν
1128 4303 1169 4353 ed.
1195 4304 1238 4354 Gal

221 4375 312 4424 eadem
330 4374 424 4424 absunt
441 4373 519 4423 verbu
539 4369 607 4422 κατιὶ
627 4367 722 4439 φύσιν
