2752 4778
1094 175 1249 250 'bd

126 356 211 417 sicut
244 358 318 419 alibi
341 358 384 418 ait
406 356 524 433 ipsein
549 371 583 415 se
605 357 673 431 ipso
696 355 831 416 formans
855 354 935 431 quod
958 361 1095 418 nostrum
1119 366 1167 421 est
1187 361 1251 424 sal·

126 449 221 504 rator
247 443 287 504 ad
309 449 444 520 patrem,
472 442 680 503 Veruntamen
704 457 765 501 non
790 442 869 501 sicut
890 458 949 519 ego
971 443 1058 514 volo,
1094 447 1149 508 sed
1172 440 1250 510 sicut

126 536 179 590 tu:
219 536 254 590 et
282 536 354 607 post
374 546 446 591 eum
470 529 590 589 divinus
612 544 648 586 ac
671 527 816 587 mirabilis
841 525 951 589 Paulus
975 530 1068 589 veluti
1091 548 1125 592 se
1145 535 1251 610 ipsum

129 631 256 695 negans
278 624 310 677 et
331 617 483 693 propriam
505 614 619 675 habere
640 614 701 673 iam
728 614 823 674 vitam
852 615 1012 688 nesciens,
1042 614 1117 678 Vivo
1146 624 1248 681 autern

129 703 196 763 iam
219 718 283 763 non
307 719 382 780 ego,
414 704 490 761 vivit
506 717 579 760 varo
602 700 633 757 in
655 716 704 760 me
726 698 874 761 Christus.
919 699 985 760 Non
1009 705 1169 779 conturbet
1192 723 1247 768 vos

133 788 216 864 quod
246 788 361 849 dictum
390 794 454 861 est,
491 803 551 845 non
589 788 670 846 enim
705 785 889 846 ablationem
923 788 1062 862 propriae
1095 795 1248 864 potentiae

133 875 199 934 ieri
220 873 311 947 dico,
343 874 406 952 sed¹
418 874 601 950 positionem
624 873 722 949 magis
747 870 917 932 secundum
939 879 1079 933 naturam
1102 876 1194 938 fixam
1218 885 1249 938 ει

133 960 374 1035 immutabilem,
403 960 433 1019 id
456 966 504 1019 est
526 973 688 1018 excessum
712 957 962 1032 intellectualem,
998 965 1032 1020 ut
1053 962 1136 1022 unde
1160 965 1247 1024 nobis

135 1048 277 1108 subsistit
299 1063 369 1107 esse
393 1050 421 1105 et
443 1046 558 1106 moveri
581 1045 719 1118 accipere
741 1044 967 1119 desideremus,
1008 1046 1092 1107 velut
1113 1049 1247 1127 imagine

135 1133 285 1194 redeunte
314 1131 353 1191 ad
381 1131 549 1208 principale
573 1129 746 1205 exemplum
768 1136 798 1191 ει
822 1131 903 1207 signi
923 1131 1022 1191 instar
1043 1148 1098 1210 per
1118 1135 1245 1213 figuram

135 1223 213 1280 bene
242 1219 394 1294 compacti
416 1216 574 1294 principali
595 1217 727 1293 formae,
758 1223 788 1277 ει
809 1217 955 1276 aliorsum
976 1218 1046 1276 ferri
1069 1236 1169 1294 neque
1192 1222 1246 1282 ha-

135 1307 225 1366 bente
253 1303 293 1365 de
322 1309 423 1364 cetero
446 1320 546 1379 neque
568 1302 704 1363 valente:
739 1320 777 1361 an
798 1304 933 1379 apertius
956 1302 1118 1365 dicendum
1141 1313 1172 1368 et
1194 1326 1246 1370 ve-

136 1394 217 1466 rius,
243 1407 344 1466 neque
365 1407 458 1466 posse
483 1390 619 1463 volente,
649 1390 756 1448 rnerito
779 1389 883 1450 divina
910 1396 1036 1465 accepta
1059 1393 1244 1468 operatione,

138 1477 234 1555 magis
265 1480 366 1538 autem
396 1476 473 1536 deus
501 1493 556 1553 per
584 1474 805 1536 deificationem
827 1476 923 1545 facta,
958 1482 988 1536 et
1008 1476 1078 1552 plus
1102 1478 1246 1541 dilectata

137 1579 270 1624 excessu
298 1564 338 1622 ab
371 1562 419 1622 his
451 1555 529 1636 quae
559 1560 736 1621 naturaliter
763 1561 793 1618 in
825 1577 861 1622 ea
886 1568 958 1621 sunt
981 1569 1011 1623 et
1032 1564 1070 1623 ab
1093 1563 1142 1624 his
1166 1581 1245 1641 quae

138 1656 208 1710 sunt
238 1656 268 1709 et
297 1648 507 1726 intelliguntur
534 1663 590 1724 per
618 1650 815 1722 superantem
846 1664 880 1709 se
909 1649 1037 1726 gratiam
1067 1651 1189 1725 spiritus
1216 1657 1246 1714 et

139 1735 330 1797 solummodo
359 1734 523 1795 habentem
551 1740 741 1810 operatorem
771 1731 870 1793 lesmn
901 1740 931 1794 ct
953 1736 1167 1814 accipientem,
1202 1740 1243 1799 ita

138 1827 169 1881 ιιι
196 1822 237 1882 sit
264 1837 328 1880 una
357 1825 388 1881 ει
413 1821 481 1880 sola
503 1837 558 1896 per
580 1822 683 1881 omnia
707 1821 843 1895 operatio
865 1821 914 1880 dei
936 1826 966 1881 et
987 1821 1147 1898 dignorum
1170 1823 1243 1899 de0;

139 1908 235 1985 magis
267 1912 369 1968 autem
399 1906 495 1967 solius
525 1907 587 1977 dei,
626 1910 733 1982 utpote
761 1911 823 1964 toto
851 1910 931 1968 totos
962 1907 1071 1984 dignos
1100 1911 1178 1970 bene
1207 1927 1242 1971 ac

138 1994 262 2070 pulchre
290 1994 451 2054 ambiente.
514 1991 602 2051 Omni
632 1993 711 2052 enirn
743 1993 927 2052 necessitate
948 2010 1004 2068 per
1033 1997 1134 2055 omnia
1163 1997 1243 2058 circa

139 2079 217 2141 aliud
248 2078 321 2154 quid
350 2080 507 2154 quiescent
534 2081 717 2154 potestativo
747 2083 830 2138 motu
860 2079 911 2151 qui
933 2080 1102 2141 secundum
1122 2082 1243 2142 deside-

139 2167 211 2227 riam
243 2170 290 2225 ast
319 2166 485 2226 novissimo
508 2172 675 2241 apparente
697 2164 767 2223 dato
792 2171 822 2223 et
843 2165 1021 2239 participato
1044 2172 1074 2226 ει
1097 2169 1240 2228 corratio·

139 2252 276 2314 nabiliter
297 2253 540 2327 participantium
564 2252 665 2310 virtuti
688 2249 1050 2324 incomprehensibiliter,
1080 2259 1112 2312 ut
1133 2255 1175 2314 ita
1195 2254 1241 2314 di·

139 2355 221 2413 cam,
253 2343 359 2413 capto,
393 2338 433 2398 ad
462 2337 542 2413 quod
571 2338 670 2396 onmis
698 2338 823 2396 festinat
852 2339 1044 2398 conversatio
1073 2339 1188 2400 excelsi
1210 2346 1240 2400 ει

138 2425 324 2495 intellectus,
357 2428 387 2485 ει
413 2424 445 2482 in
468 2423 549 2499 quod
572 2425 672 2483 omnis
695 2423 877 2483 stabilitatur
898 2425 1064 2498 appetitus,
1094 2431 1125 2486 ει
1147 2442 1240 2502 supra

138 2512 214 2588 quod
239 2510 322 2571 nullo
347 2509 438 2570 modo
459 2510 569 2580 fertur,
591 2524 692 2584 neque
714 2510 795 2569 enirn
818 2509 927 2570 babet:
956 2515 986 2568 et
1008 2511 1047 2570 ad
1070 2513 1150 2586 quod
1172 2518 1261 2572 ιειι-·

136 2598 177 2658 dit
193 2597 294 2658 omnis
316 2595 487 2656 festinantis
511 2601 628 2666 motus,
657 2598 687 2654 et
710 2611 728 2653 a
751 2612 810 2670 quo
834 2597 1022 2656 venientibus
1045 2599 1145 2658 omnis
1168 2615 1240 2660 con-

137 2683 340 2760 templationis
363 2684 503 2758 requies,
533 2687 566 2741 ut
587 2683 628 2742 ait
650 2683 758 2740 beatus
781 2683 838 2741 iste
862 2683 1014 2759 magister.
1059 2683 1163 2761 Neque
1186 2687 1241 2745 erit
1265 2688 1267 2692 ’

137 2770 205 2845 quid
228 2774 318 2830 extra
339 2769 430 2830 deum
453 2774 527 2829 tunc
540 2767 791 2849 manifestatum,
816 2772 869 2828 aut
890 2768 947 2827 deo
966 2786 983 2828 e
1003 2776 1108 2831 contra
1131 2767 1242 2833 ¹'ima-

135 2857 234 2934 ginari
255 2856 355 2915 visum
378 2858 412 2915 ut
434 2854 562 2914 alicuius
586 2854 767 2914 desiderium
787 2854 826 2914 ad
846 2870 881 2914 se
899 2857 997 2930 ipsum
1015 2859 1127 2917 erroris
1145 2856 1239 2919 fluere

135 2941 277 3004 ¹³erroris
308 2942 347 3002 sit
369 2941 510 3002 omnibus
534 2941 655 3000 ambitis
678 2942 717 3000 ab
740 2941 807 3016 ipso
830 2941 1067 3019 intelligibilibus
1090 2948 1120 3003 et
1142 2946 1240 3005 sensi-

135 3029 244 3089 bilibus
274 3027 444 3089 secundum
473 3025 654 3087 ineffabilem
685 3027 781 3102 ipsius
805 3026 1078 3088 manifestationem
1100 3033 1130 3088 ει
1150 3049 1240 3108 prae-

135 3117 281 3190 sentiam;
311 3116 390 3174 sicut
412 3128 511 3188 neque
533 3114 563 3172 in
587 3113 635 3173 die
658 3113 778 3172 siderea
799 3111 915 3172 lumina
937 3116 1051 3189 etipsa
1070 3121 1154 3176 astra
1173 3118 1239 3178 sole

134 3207 301 3279 apparente
329 3200 422 3260 multo
451 3204 482 3259 et
508 3198 735 3275 incomparabili
766 3198 880 3258 lumine
909 3217 948 3261 ax
974 3215 1034 3275 quo
1056 3203 1100 3261 eis
1122 3202 1239 3264 lumina

134 3305 203 3350 esse
221 3287 374 3349 occultata
393 3291 422 3346 et
442 3300 542 3360 neque
560 3286 630 3361 quia
650 3290 722 3346 sunt
740 3289 887 3360 quantum
905 3287 1009 3346 sensui
1028 3289 1161 3365 cognita.
1205 3289 1236 3349 ln

133 3376 190 3435 dec
214 3391 287 3434 vero
312 3372 382 3450 plus
405 3377 552 3447 quantum
575 3373 653 3432 inter
675 3388 735 3430 non
759 3375 893 3432 creatum
916 3379 946 3431 ει
968 3380 1102 3433 creatum
1124 3376 1238 3436 infinita

133 3460 283 3522 medietas
306 3462 408 3519 estet
429 3456 605 3519 differentia.
658 3458 742 3518 Tunc
764 3459 845 3516 enirn
869 3474 922 3534 per
945 3461 1109 3520 essentiam
1132 3477 1237 3521 eorum

133 3562 212 3622 quae
239 3552 314 3606 sunt
335 3543 565 3605 subsistentiam
587 3544 757 3605 secundum
779 3543 876 3618 quod,
908 3545 993 3619 quid,
1023 3553 1053 3607 et
1076 3547 1236 3626 quornodu

132 3639 162 3693 et
182 3634 213 3691 in
237 3648 298 3708 quo
320 3646 409 3704 esse,
432 3637 466 3691 ut
480 3632 629 3706 arbitror,
659 3633 807 3702 scientes,
839 3630 877 3689 ad
901 3631 972 3706 quid
995 3635 1161 3707 appetitum
1184 3634 1238 3693 ad-

132 3719 192 3779 huc
225 3733 281 3795 per
315 3718 520 3795 cognitionem
559 3733 620 3776 nan
659 3717 847 3790 movebimus
881 3717 1122 3793 uniuscuiusque
1150 3723 1178 3778 ει
1206 3721 1236 3779 in

132 3818 317 3880 unoquoque
340 3818 445 3863 eorum
469 3817 549 3877 quae
570 3808 640 3880 post
662 3803 753 3863 deum
776 3807 848 3863 sunt
868 3805 1040 3880 cognitione
1059 3806 1147 3865 nobis
1166 3821 1238 3865 con-

131 3892 286 3954 summata
313 3895 343 3949 et
369 3888 485 3949 infinita
513 3907 551 3950 ac
579 3890 683 3950 divina
712 3892 741 3948 ει
763 3888 1060 3966 incomprehensibili
1083 3891 1237 3952 fructuose

132 3979 220 4038 nobis
238 3975 502 4052 proportionaliter
522 3977 675 4052 proposita
693 3977 852 4037 mansione
870 3979 900 4035 ει
917 3977 1156 4052 participatione.
1202 3978 1239 4038 Et

131 4065 189 4124 boc
227 4067 276 4122 est
313 4061 395 4137 quod
427 4060 516 4122 valde
544 4061 791 4139 philosophatum
820 4066 867 4121 est
895 4063 1064 4123 secundum
1092 4064 1236 4125 deiferum

203 4280 243 4330 la.
271 4280 341 4345 Lege
364 4277 565 4344 aequiparari.
595 4275 692 4341 (Gale.)
765 4275 806 4328 13.
831 4277 938 4342 Legisse
957 4278 1051 4332 Scotus
1068 4282 1169 4334 videtur
1191 4278 1237 4334 clo-

131 4346 223 4418 irdop.
259 4348 338 4399 Verte
354 4349 484 4435 alltccat.
511 4344 608 4410 (Gale.)
