2752 4778
239 223 312 294 400

236 403 345 505 χάσμα
373 404 454 486 μέγα
484 401 517 465 ἐν
542 405 632 505 μέσω
663 407 715 467 καὶ
743 399 930 510 ἀδιάβατον,
962 396 998 465 οδ
1028 400 1087 465 τόν
1121 401 1283 468 πλούσιον
1300 408 1337 468 τά
1373 427 1376 448 ν

236 486 391 574 Λαζάρου
426 494 478 553 καὶ
515 491 574 552 τῶν
610 465 747 595 δρεκτάν
782 492 837 553 τοῦ
864 483 1010 594 Αβραάμ
1041 485 1183 554 κόλπων
1212 492 1338 596 διεῖργον,

237 579 344 640 πάσαν
374 577 409 638 δὲ
437 572 491 684 τήν
519 572 646 657 γενητήν
676 572 772 656 φάσιν
799 578 852 638 καὶ
882 567 1019 657 ῥέουσαν
1042 577 1098 652 τῆς
1122 570 1279 682 άγενήτοτ
1302 582 1339 640 καί

237 659 415 740 ὲστηκυίαςς
446 651 498 722 Ωι
534 663 721 764 παρεμφερῆ
759 684 790 724 τε
827 664 880 724 καὶ
917 657 1016 743 δμοια
1056 664 1115 724 καὶ
1151 655 1171 725 6
1202 657 1340 747 θεηγόρνς

73 769 155 816 τινα.
169 771 229 806 mo
237 749 335 831 μέγας
361 748 551 831 διεξέρχεται
575 741 792 820 Διονύσιος
777 770 794 808 ο
820 741 1047 830 Ἀρεοπαγίτης
1076 744 1240 858 φάσκων,
1275 751 1341 812 Τολ·

74 773 334 971 θζὲῗξξῄμ
264 836 351 911 ητέον
380 834 414 896 66
443 836 497 897 καὶ
526 835 619 896 τοῦτο
602 826 732 1003 δπὲρ
756 827 1117 1004 άληθείαςθείπεῖν,“
1092 857 1150 896 οτι
1181 840 1238 898 καὶ
1267 832 1342 908 αότδς

73 925 92 966 §-
224 942 257 982 ο
288 916 411 982 πάντων
441 916 527 982 αἴτιο
572 922 616 1005 τῷ
644 943 683 981 κα
708 942 732 980 ω
761 943 813 982 και
850 942 869 979 α
891 943 911 980 α
940 942 964 980 ω
998 943 1061 982 των
1096 917 1187 982 πάντ
1217 946 1234 983 ν
1333 947 1340 981 ν

72 978 113 1062 66¹¹
115 934 170 1063 ’νέαΡ
182 973 279 1027 ⁰⁹⁹²
238 998 279 1067 δι’
300 1000 487 1114 ὑπερβολήν
498 944 550 1083 τῆςς
580 981 729 1106 ἐρωτικῆς
755 944 999 1086 66660‘666036
984 1003 1087 1078 ἔξω
1075 945 1214 1069 ἑαυτουω
1229 917 1341 1112 7666663

238 1100 306 1164 ταῖς
334 1090 379 1165 εἷς
407 1088 444 1152 τά
474 1086 550 1154 όντα
579 1088 681 1153 πάντα
703 1095 888 1173 προνοίαις,
923 1115 975 1152 και
998 1083 1072 1155 οἷον
1096 1086 1282 1174 οἷγαθότητι
1301 1096 1341 1158 καί

236 1172 393 1260 άγαπήσει
422 1180 475 1241 καὶ
484 1175 598 1280 ἔρωτι
627 1180 791 1258 θέλγεται,
825 1180 878 1240 καὶ
908 1177 942 1240 ἐκ
972 1181 1028 1240 τοῦ
1057 1172 1144 1260 δπὲρ
1178 1177 1282 1243 πάντα
1301 1185 1340 1242 καὶ

233 1261 337 1327 πάντα
365 1267 419 1329 καὶ
446 1260 572 1327 πάντων
601 1261 789 1366 ἐξῃρημένον
815 1259 899 1366 πρός
928 1259 964 1325 τό
996 1261 1029 1325 έν
1057 1266 1146 1328 πάσι
1178 1262 1341 1348 κατάγεται,
1375 1269 1376 1272 ’

234 1345 299 1415 κατ’
338 1343 573 1457 ἐκστατινιήνι
559 1346 750 1432 υπεροόσιον
763 1348 918 1456 δύναμιν
954 1344 1193 1455 άνεκφοίτητον
1235 1351 1340 1416 ἑαυτοῦ

235 1425 421 1514 Μήπως
383 1461 456 1515 ουν,
478 1433 590 1510 καθώς
611 1433 704 1518 έφην,
735 1430 793 1497 κάκ
818 1431 935 1498 τούτων
957 1431 1012 1498 τόν
1034 1440 1115 1518 περὶ
1143 1440 1220 1518 τοῦ,
1245 1437 1339 1514 Παίζει

233 1519 309 1627 γάρ
323 1520 420 1604 λόγος
447 1519 559 1601 αίπδς,
594 1518 753 1627 ἐπιτόμως
779 1517 983 1584 άποδοθέντα
1012 1519 1143 1624 τρόπον
1172 1521 1337 1598 έξαπλάσω

234 1606 313 1673 κατά
336 1606 480 1672 διάνοιαν
500 1604 648 1679 τοιαότην
669 1601 789 1714 ήμίν
766 1605 833 1672 ἐστι
856 1604 988 1671 δυνατόν
1007 1604 1216 1690 φάσκουσιν,
1241 1610 1337 1692 Ὥςπερ

235 1693 270 1758 06
296 1702 423 1800 γονεῖς
432 1692 496 1772 (ἵνα
525 1702 593 1767 τοῖς
621 1696 688 1757 καθ
724 1696 805 1796 ημάς
831 1695 1068 1800 παραδείγμασι
1103 1694 1278 1803 χρήσωμαι
1303 1695 1338 1770 είς

235 1777 289 1857 τήν
319 1781 379 1842 τῶν
407 1774 486 1862 ὗπέρ
516 1773 596 1860 ήμάς
624 1777 817 1884 πραγμάτων
846 1775 1061 1887 νῖπογραφήν),
1102 1779 1261 1868 ἀφορμάς
1286 1791 1357 1856 τοῖς.

234 1867 357 1939 τέκνοις
382 1867 574 1966 παρέχοντες
603 1862 656 1943 τήν
683 1864 845 1971 ’νωθείαν
874 1861 1121 1972 άποσείρασθαι
1153 1867 1335 1979 σργκαταβό-

234 1974 314 2026 σεως
344 1948 467 2059 τρόπω,
505 1952 637 2016 δοκοῦσι
667 1948 745 2014 κατά
776 1949 1020 2036 συμπεριφοράν
1050 1952 1191 2018 παιδικὰ
1221 1962 1334 2061 παίγνια

232 2039 389 2146 μετιέναι,
419 2013 460 2112 άς
489 2039 566 2121 φέρε
594 2036 696 2101 είπείν
710 2037 936 2146 καρυατίζειν,
969 2043 1023 2109 καί
1046 2033 1268 2144 άστραγάλοις
1285 2066 1329 2125 μιν

235 2119 337 2189 αδτάν
358 2119 723 2255 συμπεριφέρεσθαι,’
706 2149 721 2200 η
746 2129 798 2187 καὶ
822 2121 905 2202 άνθη
934 2122 1101 2209 πολόχροα
1135 2126 1265 2204 τούτοις
1290 2153 1333 2191 πα

72 2227 120 2268 ουν
133 2223 226 2268 tm
234 2210 433 2318 ρατιθέντες,
462 2214 532 2273 καὶ
526 2210 743 2317 ,Ιὶπολυβαφείς
762 2207 900 2288 ἐσθῆτας
921 2213 981 2274 τῶν
1003 2210 1197 2291 αἰσθήσεων
1218 2219 1332 2292 θελκτη-

235 2302 341 2381 ρίους,
369 2291 492 2378 άπήγον
521 2291 540 2374 6
567 2297 793 2374 κατέπληττον,
823 2291 866 2370 ὥς
893 2297 954 2359 τῶν
981 2297 1152 2361 παίδων
1138 2303 1252 2386 ετέραν
1278 2304 1333 2372 νέας

235 2379 446 2492 έργασίαν’
409 2407 466 2447 ουκ
489 2379 641 2465 ἐχόντων,
671 2379 750 2464 μετά
771 2379 893 2491 βραχὺ
897 2384 1006 2446 δὲκαὶ
1003 2377 1323 2490 παιδευτηρίοις’
1292 2411 1332 2450 αν·

234 2469 307 2579 τοὺς
336 2473 396 2534 τῶν
424 2469 541 2578 γονέων
569 2465 829 2574 παραδιδόντων,
862 2460 930 2533 εἶτα
959 2473 1012 2534 καὶ
1035 2468 1139 2577 λόγου
1163 2476 1331 2581 τελεωτέρα

233 2560 288 2622 καὶ
306 2553 500 2659 πραγμάτων
523 2553 613 2618 ίδίων
633 2553 886 2658 μεταδιδόντων,
917 2553 998 2620 οίτω
1021 2552 1119 2640 τυχόν
1141 2564 1198 2623 καὶ
1222 2557 1276 2625 τόν
1294 2559 1330 2624 ίννλ

234 2640 360 2708 πάντων
389 2639 470 2706 θεόν
499 2664 578 2724 φησι
607 2635 660 2704 διά
686 2665 746 2704 των
768 2640 939 2725 εἰρημένων
961 2637 978 2705 6
1001 2641 1202 2721 διδάσκαλος
1224 2643 1276 2709 διά
1295 2648 1330 2722 16

234 2732 309 2805 τέως
350 2726 560 2836 ίστοριιόδους
598 2723 659 2791 τῶν
680 2730 894 2834 φαινρμένων
926 2725 1108 2836 κτισμάτων
1145 2730 1271 2815 φάσεως
1299 2729 1330 2804 εἷς

234 2810 429 2890 έκπληξιν’
409 2839 426 2891 η
458 2817 511 2877 καὶ
540 2809 709 2895 ἀπαγωγήν
738 2811 790 2878 διά
820 2816 873 2893 τῆς
898 2809 1000 2878 αδτῶν
1021 2816 1103 2890 θέας
1126 2823 1183 2883 καὶ
1205 2816 1329 2927 γνόντας

234 2903 289 2963 νῦν
312 2893 392 3010 ἡμᾶς
413 2892 466 2963 οἷα
488 2893 607 2981 κομιδή
626 2901 744 2975 παῖδας
765 2896 1013 3003 ἐμβάλλονται,7
1000 2897 1111 2966 ε’πειτα
1135 2909 1191 2968 καὶ
1214 2903 1268 2985 τήν
1286 2908 1329 2969 τάν

235 2983 267 3050 ἐν
295 2994 404 3061 αυτοῖς
431 2987 727 3092 πνευματικωτέρων
755 2984 863 3090 λόγων
885 2990 1028 3072 θεωρίαν
1044 2985 1191 3093 ένιέντα,
1223 2996 1276 3056 καλ
1294 3012 1329 3057 τε·

232 3078 377 3137 λευταίον
407 3068 520 3136 ἐπὶ
488 3097 541 3150 την
569 3069 683 3136 ἑαυτοῦ
704 3066 823 3149 καθως
837 3069 923 3138 ἐστιν
945 3068 1091 3178 έφικτδν
1096 3073 1153 3139 διά
1175 3081 1329 3161 θεολογίαν

231 3160 466 3244 μυστικωτέραν
493 3161 611 3241 γνῶσιν
639 3155 806 3268 ένάγοντα,
840 3155 894 3238 τήν
921 3158 1025 3237 πάσης
1053 3163 1107 3238 τής
1138 3160 1172 3226 έν
1193 3163 1271 3229 τίθει
1290 3164 1328 3228 ντί

232 3249 318 3332 ποιῷ
350 3250 403 3309 καὶ
433 3243 572 3328 σχήματι
599 3249 653 3308 καὶ
683 3247 792 3330 ποσῷ,
829 3269 872 3331 τῳ
902 3243 935 3308 έν
962 3243 1082 3324 πλήθει
1113 3272 1149 3312 τε
1179 3255 1235 3314 καί
1262 3246 1329 3354 όγνη

231 3309 416 3397 πανέάπασι
451 3325 713 3436 καθαρεύουσαν,
754 3306 917 3406 ποικιλίας
956 3355 987 3395 τε
1020 3337 1075 3396 καὶ
1104 3331 1317 3411 συνθέσεως’
1306 3355 1329 3400 ιν

232 3427 299 3493 τοῖς
327 3415 636 3520 προπαιδεόμασνν,
655 3441 697 3490 ως
718 3413 800 3501 πρός
821 3413 857 3481 τδ
882 3419 979 3502 τέρμα
1001 3421 1055 3496 τής
1077 3422 1239 3526 θεωρίας,
1266 3423 1328 3486 παί-

233 3503 295 3581 ζειν
317 3503 438 3585 εἴρηται
461 3506 506 3588 τῷ
526 3500 682 3613 θεοφόρῳ
703 3506 734 3565 Γ
732 3507 889 3608 ρηγοριῳ,
912 3508 965 3567 καὶ
987 3528 1030 3590 τω
1017 3505 1213 3596 θεοφόριρ
1230 3514 1329 3573 Διονν·

233 3595 294 3676 σίῳ
316 3565 498 3672 θέλγεσθαί
520 3593 627 3653 τεκαὶ
650 3565 696 3666 έξν
691 3587 876 3653 Ηστασθαι
864 3591 984 3654 εαυτοῦ.
1355 3546 1368 3768 l

341 3691 446 3800 Τῷ”
425 3719 493 3759 οντι
521 3691 582 3803 γάρ
605 3691 639 3758 ἐκ
660 3690 865 3772 παραλλήλου
888 3690 966 3757 κατά
990 3693 1180 3807 παράθεσιν
1201 3694 1328 3781 θεωροί-

230 3793 311 3888 μενα
339 3777 421 3862 πρός
443 3777 479 3843 τά
503 3784 618 3863 κυρίως
639 3785 692 3844 καὶ
715 3775 888 3857 άληθῶς’
867 3804 961 3861 οντα,
995 3785 1048 3844 καί
1073 3781 1150 3857 ές“’
1131 3807 1263 3869 υστερον
1282 3805 1328 3864 φα

168 3883 173 3892 ·
232 3861 407 3949 νησόμενα,
442 3863 479 3929 τά
517 3865 661 3974 παρόντα
698 3871 751 3930 καὶ
789 3863 967 3971 φαινόμενα
1000 3871 1054 3931 καί
1083 3877 1238 3976 παίγνιον
1264 3863 1328 3935 εἶναι

232 3955 334 4029 δοκεῖ,
358 3977 411 4016 και
402 3950 475 4017 έτι
495 3948 609 4056 τοότοφ
631 3947 835 4056 πορρωτέρω
879 3948 970 4060 Πρός
982 3951 1051 4056 γάρ
1074 3952 1131 4034 τήν
1154 3959 1217 4020 τῶν
1234 3956 1346 4042 κυρίας

232 4042 331 4103 θείων
367 4042 421 4102 καὶ
455 4037 669 4146 πρωτοτόπων
689 4037 909 4146 πραγμάτων
932 4033 1088 4116 ἀλήθειαν
1117 4043 1330 4151 συγκρινομένς

231 4127 292 4189 τάν
317 4121 483 4228 παρόντων
511 4129 565 4190 καὶ
589 4119 756 4228 δρωμένων
778 4120 973 4232 πραγμάτων
994 4120 1011 4202 6
1035 4126 1252 4213 διακόσμησις
1272 4123 1330 4238 ρόδὲ

201 4249 207 4260 -
232 4207 269 4274 τό
297 4210 449 4318 παράπαν
478 4203 561 4276 εἶναι
590 4210 822 4318 νομισθήσεται
852 4220 920 4285 τοῖς
950 4208 1029 4276 όλον
1057 4226 1180 4300 χωρεῖν
1209 4213 1283 4282 κατά
1304 4206 1329 4279 τό

233 4294 419 4360 δυνατόν
386 4321 421 4361 το
446 4299 498 4375 τής
520 4291 658 4372 θείας
635 4295 828 4382 ωραιότητος
850 4294 967 4372 κάλλος
989 4291 1210 4383 άξιουμένοις,
1246 4302 1329 4381 ὥςπερ

1362 4149 1374 4376 ..a—.—
