2768 4784
995 204 1001 214 ¹
1069 214 1142 298 aie

29 405 86 464 iiia
111 409 206 481 atque
227 410 348 466 ostenta
370 405 541 480 perliceret,
564 410 599 465 nt
620 404 761 465 fidelibus
783 388 870 482 speia
888 422 905 464 e
924 408 1146 477 calamitatibus

32 492 148 565 quibus
177 492 396 553 obsidebantur
425 490 592 565 evadendi,
622 492 795 553 infidelibus
818 509 890 552 vero
910 510 1036 554 sensum
1055 496 1146 555 casti-

33 579 140 654 gantis
170 579 287 640 virtutis
317 595 392 638 suae
414 580 591 653 praeberet,
625 577 665 637 ad
686 578 915 640 dissolvendam
939 597 1044 642 eorum
1067 583 1148 642 circa

34 663 128 724 deum
166 680 233 739 qua
260 666 443 725 tenebantur
476 664 718 735 indurationem,
757 681 843 725 mare
872 668 958 743 virga
987 667 1146 728 dissecans

34 754 129 824 atque
158 765 267 825 aquae
288 750 514 811 cohaerentiam
544 766 693 824 separans
722 752 765 811 ita
793 759 829 811 ut
855 752 893 812 de
923 753 1066 828 peculiari
1089 769 1147 814 sna

35 841 148 896 natura
175 837 260 898 haud
289 837 508 914 degeneraret,
541 852 610 896 cum
641 837 671 896 in
701 842 930 914 transgressum
962 856 1066 900 eornm
1097 841 1148 916 qui

36 928 160 998 propter
190 939 261 984 sese
289 926 328 984 ab
355 925 490 983 instante
512 921 601 982 hoste
624 925 856 997 premebantur,
887 927 1003 985 lumin
1028 942 1148 1001 repres-

36 1011 157 1069 sionem
185 1025 290 1071 eornm
321 1011 372 1084 qni
399 1008 584 1068 nobilitatem
615 1025 651 1068 ac
673 1009 843 1070 libertatem
866 1011 1058 1086 impudenter
1078 1029 1148 1088 per·
1199 1079 1202 1084 ,

36 1097 261 1170 sequebantur,
293 1112 404 1171 aquarn
434 1096 518 1173 ligno
548 1094 667 1156 dulcem
697 1097 845 1170 reddens,
880 1103 911 1157 et
931 1113 1041 1173 panem
1065 1098 1148 1158 nullo

37 1187 140 1242 aratro
169 1188 303 1258 parturn·
321 1183 450 1263 caelitus
479 1181 591 1257 pluens
620 1198 732 1242 novum
763 1187 855 1256 atque
884 1184 1089 1262 incognitum,
1119 1192 1149 1245 et

37 1269 140 1328 avium
173 1268 394 1330 multitudinem
430 1267 656 1328 esculentamnr
685 1270 784 1329 subito
815 1268 854 1329 de
881 1272 958 1330 mari
987 1270 1146 1345 ebulliens,

36 1361 124 1415 extra
161 1355 334 1415 naturalem
370 1355 560 1432 singulorum
594 1372 632 1414 ex
662 1371 696 1413 se
726 1371 785 1430 qno
816 1354 981 1416 cohaerent
1011 1356 1147 1417 ordinem

36 1459 72 1500 nc
102 1443 230 1516 seriem,
266 1443 295 1500 in
327 1441 467 1501 solatium
499 1457 604 1500 eornm
634 1442 684 1515 qui
712 1442 742 1499 in
771 1441 891 1501 deserto
914 1442 1146 1519 afflictabantur,

36 1543 138 1602 aquae
165 1533 292 1589 matrem
323 1544 433 1587 saxum
463 1527 648 1600 ostendens,
682 1529 713 1586 in
743 1528 981 1589 obfirmationem
1004 1529 1073 1589 tidei
1096 1547 1149 1591 eo-

36 1629 104 1674 rnm
142 1615 192 1688 qni
228 1616 258 1672 in
292 1615 357 1673 acie
386 1614 508 1673 ordines
539 1613 739 1682 deserebant,
775 1614 886 1675 flumen
920 1616 1086 1675 retundens
1117 1618 1147 1675 in

36 1702 152 1760 siccum
187 1705 419 1776 transgressum
452 1701 493 1775 pii
522 1700 643 1775 populi,
680 1699 754 1759 solis
785 1706 876 1775 atque
905 1701 997 1762 lunae
1025 1719 1149 1762 cursum

34 1787 179 1846 inhibens
207 1787 329 1847 mirifice
360 1786 442 1846 nnllo
471 1787 630 1847 obstaculo
660 1786 853 1862 impeditum,
884 1794 915 1849 et
936 1791 1049 1848 sistens
1073 1789 1150 1849 caeli

35 1879 179 1947 naturam
202 1889 325 1949 semper
345 1873 528 1934 immobilem
551 1872 629 1933 adeo
653 1879 686 1932 ut
708 1875 833 1933 immota
855 1880 964 1948 staret,
994 1876 1023 1933 in
1048 1878 1149 1950 perni-

35 1961 114 2020 ciem
144 1959 256 2034 impiae
288 1960 519 2032 dominationis,
550 1958 606 2018 deo
629 1975 683 2033 per
705 1961 908 2036 ignorantiam
932 1962 1029 2021 aciem
1051 1979 1149 2037 oppo—

35 2047 156 2117 nenda,
186 2047 277 2120 idque
307 2063 345 2106 ne
374 2047 458 2121 prins
490 2046 601 2106 ostenti
632 2047 768 2104 omnium
797 2046 894 2105 oculis
923 2048 1030 2106 obiecti
1053 2049 1148 2106 virtus

35 2136 176 2194 cessarat
200 2148 297 2214 ,quarn
325 2133 460 2208 perlecta
487 2133 564 2192 ioret
592 2130 712 2205 clades,
752 2137 843 2207 atque
871 2139 905 2192 nt
932 2135 962 2191 in
992 2136 1147 2207 posterum

35 2220 210 2281 obtinerent
243 2218 465 2279 haereditatem
500 2219 648 2278 verociter
680 2219 900 2278 annuntiatam.
969 2217 1005 2277 Et
1032 2219 1148 2293 reliqna

35 2312 187 2382 quotquot
214 2305 291 2365 dens
318 2310 380 2365 tam
410 2307 440 2364 in
469 2310 550 2365 terra
578 2305 786 2380 possessionis
816 2320 906 2378 qnam
932 2305 963 2363 in
985 2305 1093 2365 ceteris
1116 2307 1146 2367 in

35 2409 117 2468 quas
152 2391 247 2452 lsrael
282 2396 370 2451 vetus
406 2394 445 2451 ob
474 2397 604 2466 peccata
633 2392 790 2461 veniebat,
827 2389 967 2452 effecisse
997 2397 1146 2466 narratur,

35 2481 119 2539 circa
150 2478 274 2538 modurn
303 2479 435 2552 virtutis,
471 2478 526 2537 sed
556 2494 619 2537 non
649 2479 729 2537 circa
751 2478 901 2538 rationem
925 2479 1079 2538 extantiae
1101 2480 1148 2536 in-

36 2565 182 2626 novando
205 2568 344 2624 naturam
368 2581 473 2625 eornm
496 2579 576 2639 quae
596 2565 837 2637 innovabantur,
863 2564 939 2624 deus
963 2563 1068 2624 effecit.
1113 2564 1145 2623 ln

37 2652 150 2727 quibus
180 2652 321 2711 omnibns
351 2657 382 2711 et
410 2655 479 2727 post
507 2666 586 2726 qnae
607 2649 698 2724 illud,
727 2655 851 2726 propter
872 2651 954 2726 qnod
975 2650 1054 2710 haec
1076 2657 1148 2710 sunt

37 2738 142 2798 ornnia
165 2743 195 2798 et
216 2754 270 2812 per
289 2737 388 2812 qnod,
412 2738 611 2798 novissimum
629 2753 737 2797 revera
759 2739 935 2813 mysterium
956 2754 1062 2810 sunm,
1087 2753 1147 2814 qno

37 2838 164 2885 carnem
193 2828 316 2899 propter
345 2841 402 2883 nos
431 2826 594 2901 ingressus
615 2829 685 2896 est,
715 2824 794 2883 circa
822 2824 946 2884 modum
976 2823 1147 2900 perficiens,

38 2917 69 2971 at
91 2926 154 2970 non
177 2912 257 2970 circa
280 2911 443 2981 rationem,
467 2916 608 2971 naturam
630 2910 799 2982 innovavit,
824 2928 917 2971 carne
939 2928 993 2988 per
1014 2911 1145 2971 mediam

37 2997 173 3072 animam
196 2995 432 3056 intellectualem
456 3001 632 3071 assumpta,
655 2995 796 3056 ineffabili
816 2997 946 3072 quodam
966 2997 1055 3058 modo
1079 3000 1147 3059 sine

38 3085 157 3144 satione
187 3088 369 3158 conceptus,
400 3090 430 3142 et
458 3088 624 3159 generatus
653 3098 726 3140 vere
749 3083 816 3141 sine
839 3085 1033 3158 corruptione
1054 3085 1146 3144 bomo

38 3171 206 3246 perfectus,
236 3171 370 3230 animam
397 3168 632 3228 intellectualem
663 3185 732 3228 cum
754 3185 881 3244 corpore
904 3187 942 3228 ex
964 3171 1033 3244 ipsa
1056 3187 1145 3245 quam

36 3257 229 3332 interpretari
251 3273 312 3316 non
336 3256 414 3329 capit
437 3256 634 3330 conceptione
657 3259 776 3315 nactus.

37 3393 147 3571 ngld
181 3394 299 3467 omnis
335 3401 465 3466 natura
497 3392 645 3491 propria
678 3416 821 3492 semper
846 3392 986 3467 ratione
1012 3394 1147 3470 habeat

143 3522 211 3571 em.

143 3612 248 3673 Omnis
271 3614 367 3682 enirn,
397 3620 431 3673 ut
453 3616 618 3690 generatim
640 3615 764 3688 loquar,
796 3619 920 3686 natura,
944 3615 1146 3692 intellegibilis

37 3707 67 3760 et
97 3701 264 3772 sensibilis,
295 3700 343 3759 vel
371 3700 501 3775 simplex
525 3706 554 3759 et
583 3702 769 3775 composita,
801 3716 982 3774 quocunqne
1006 3701 1096 3761 modo
1117 3703 1147 3760 id

36 3793 100 3860 est,
132 3793 280 3862 exparte
305 3801 461 3861 nunquam
485 3787 566 3861 capit
587 3788 706 3846 initium
729 3788 935 3863 generationis
958 3789 989 3845 in
1012 3789 1148 3847 existen-

36 3877 126 3947 tiam,
152 3889 251 3947 neque
270 3873 405 3948 prolecto
425 3891 462 3933 ex
483 3872 606 3931 dimidia
631 3877 717 3946 parte
739 3874 909 3932 subsistere
930 3879 1042 3948 potest.
1087 3872 1148 3934 Sed

36 3963 61 4020 si
92 3962 261 4036 composita
291 3966 338 4019 est
368 3965 491 4028 natura,
532 3964 594 4018 tota
625 3960 765 4019 subsistit
795 3959 930 4034 perlecta
958 3959 1049 4019 simul
1079 3977 1147 4020 cnm

36 4047 177 4124 perfectis
201 4048 265 4105 suis
288 4047 383 4121 ipsius
407 4045 577 4121 particulis,
602 4061 658 4104 nec
677 4047 725 4104 sui
746 4045 839 4104 babet
858 4053 911 4105 ant
928 4046 1163 4120 particularum·

36 4151 74 4194 ex
105 4135 214 4208 quibus
245 4139 365 4192 constat
392 4134 469 4192 inter
498 4149 532 4190 se
560 4131 654 4191 ullam
683 4131 852 4191 secundnm
880 4138 1001 4207 tempus
1031 4132 1148 4193 distan-

36 4222 119 4281 tiam.
165 4219 292 4279 Vernm.
307 4220 331 4277 si
363 4219 488 4295 simplex
523 4227 630 4280 natura
653 4224 716 4288 est,
747 4219 812 4278 sive
833 4217 1051 4295 intellegibilis,
1080 4223 1145 4294 pari

36 4306 128 4366 modo
157 4322 220 4366 nna
249 4323 317 4366 cum
349 4307 413 4365 snis
444 4305 533 4380 plene
561 4306 727 4365 rationibus
757 4303 898 4380 perlectis
921 4306 990 4381 ipsa
1012 4305 1146 4383 perfecta

37 4393 212 4454 summatim
243 4391 394 4462 subsistit,
425 4397 564 4467 tempore
591 4409 718 4468 prorsus
740 4392 825 4452 nullo
848 4409 865 4452 a
889 4392 954 4452 suis
977 4393 1145 4453 rationibus
