2752 4778
1111 106 1183 189 tta

10 274 179 355 emula
198 286 298 359 hilare
319 293 492 350 monstrant
513 288 702 364 institutum,
724 290 774 349 cni
791 288 883 366 plane
898 290 1082 353 adversatur
1100 309 1185 354 mae

10 366 142 441 'tt-³³⁰¹,
171 380 201 437 et
228 374 369 437 dissidet.
426 372 488 434 Sed
517 375 609 435 etiam
638 376 665 434 si
694 375 781 436 aliter
801 376 901 437 locum
925 378 1063 453 accipere
1084 385 1182 454 potes,

10 432 159 533 ”Qud
193 466 296 525 tamen
330 463 548 537 inoportunum
581 476 653 521 esse
688 478 757 523 reor
784 463 874 524 etiam
905 459 1011 524 sirach
1040 463 1110 524 lesu
1138 467 1184 527 eis

10 536 157 623 *filine
175 547 385 611 disseruimus·
401 563 556 624 apponere
579 547 701 607 dictum.
747 547 801 609 Est
824 554 927 610 autem
947 549 1023 610 hoe:
1053 551 1185 627 ,Musica

10 638 37 677 Ἠ
60 610 105 681 h
130 628 208 697 tuctu
229 641 278 697 est
298 635 533 710 intempestivus
556 640 679 693 sermu‘
723 637 798 697 cum
820 636 913 713 igitur
935 637 1053 697 musica
1076 654 1184 699 omnes

15 698 248 801 fitflltciplinas
281 720 561 796 circumplectatur,
598 735 727 794 quarum
760 736 854 782 unam
884 737 955 781 esse
985 725 1185 799 geometriam

10 786 177 881 filerunt
203 808 256 885 qui
284 808 316 867 in
344 809 382 869 iis
411 808 504 867 renus
538 806 673 867 studium
706 812 893 883 posuerunt,
932 814 1109 884 propterea,
1151 815 1185 870 ut

21 902 43 939 ’ἲ
60 888 161 965 mlo,
198 895 348 972 magister
382 893 577 969 supradictae
613 894 696 953 vocis
732 895 973 971 interpretationi
1009 898 1184 957 assentiens

10 992 17 1023 ²
57 980 270 1045 Mutrium
304 997 325 1043 a
353 982 492 1040 maerore
521 978 670 1040 dissidere
700 979 784 1043 dixit
850 978 912 1040 Sed
940 982 966 1040 si
995 983 1063 1055 quis
1093 983 1182 1055 dicat,

10 1060 17 1113 'l
57 1048 152 1129 Quid
178 1068 304 1129 taudem
334 1067 443 1127 ceteris
471 1064 638 1141 disciplinis
667 1067 788 1127 omissis
812 1066 894 1127 hanc
917 1068 1014 1127 solam
1039 1074 1184 1144 tanquam

10 1136 323 1231 ··inq0ngruenrem
358 1168 427 1213 cum
463 1168 600 1215 macrore
627 1154 815 1228 composuit,
851 1153 1073 1228 respondemus
1103 1155 1184 1215 hanc

57 1242 140 1301 Qum
168 1245 240 1317 apte
262 1239 376 1299 vidisse
398 1255 492 1315 posse
515 1238 600 1316 iungi
623 1255 691 1299 cum
716 1255 808 1315 supra
832 1240 1004 1314 propositis.
1065 1240 1183 1302 Deinde

61 1320 141 1387 'Vero
170 1328 264 1389 etiam
287 1325 346 1385 trac
367 1341 430 1386 una
452 1325 588 1400 reliquae
610 1339 734 1401 quoque
756 1322 866 1393 eddam
889 1332 962 1386 sunt
984 1327 1184 1403 comprehen-

63 1420 124 1473 σεο
139 1418 255 1488 atque,
274 1412 466 1474 coniunctae.
518 1411 618 1486 Atque
646 1411 725 1473 haec
756 1428 804 1472 me
835 1414 1019 1488 exposuisse
1041 1414 1181 1475 sufficiat.

64 1488 182 1560 Verum
211 1500 238 1559 si
267 1500 335 1574 quis
363 1497 473 1559 melius
502 1498 746 1575 investigaverit,
780 1500 808 1559 si
830 1514 935 1561 eorum
960 1515 1039 1573 quac
1059 1502 1183 1579 ignora-

67 1578 138 1645 ium
160 1586 200 1645 ab
222 1601 260 1647 eo
282 1584 560 1660 interpretationem
584 1600 749 1660 accepero,
778 1586 894 1663 gratias
918 1586 1049 1647 habebo.

71 1726 247 1812 Eiusdem
275 1762 322 1813 ex
352 1762 485 1837 magno
516 1738 743 1839 theologico,
779 1739 818 1813 in
851 1739 969 1831 illud,
1017 1738 1183 1831 ,Etenim

118 1840 220 1939 quod
243 1840 334 1916 deus
355 1842 421 1934 sit,
456 1867 498 1915 ac
520 1842 691 1941 princeps
720 1844 900 1941 quaedam
931 1867 1056 1934 causa,
1092 1868 1190 1941 quae

117 1966 175 2017 res
206 1968 334 2018 omnes
362 1946 563 2043 procrearit
590 1955 700 2044 atque
730 1953 938 2037 conservet,
975 1955 1055 2019 tum
1083 1946 1182 2020 oculi

117 2046 207 2145 ipsi,
239 2056 321 2122 tum
348 2048 414 2123 lex
442 2047 621 2121 naturalis
654 2049 803 2140 docent,
837 2048 914 2140 illi,
951 2049 1041 2121 dum
1071 2048 1183 2122 rebus

120 2148 161 2225 in
183 2160 371 2251 aspectum
399 2151 613 2229 cadentibus
634 2153 750 2226 aciem
771 2151 943 2251 affigunt,
990 2176 1123 2250 easque
1147 2160 1183 2225 et

119 2253 277 2353 pulchre
308 2255 402 2329 fixas
435 2265 472 2329 et
500 2254 652 2331 stabiles
687 2279 765 2329 esse
787 2264 824 2329 et
847 2254 1038 2354 progredi,
1073 2264 1182 2353 atque

119 2356 289 2450 imote,
326 2368 371 2432 ut
402 2358 454 2432 ita
486 2359 622 2450 dicam,
664 2359 806 2433 moveri
840 2357 1017 2457 volvique
1043 2358 1182 2456 perspi·

119 2460 241 2554 ciunt,
276 2462 368 2536 haec
394 2471 518 2536 autern
548 2463 639 2535 dum
671 2486 739 2561 per
766 2485 823 2535 res
852 2462 971 2535 oculis
996 2461 1181 2536 subiectas

118 2586 162 2639 ac
192 2574 290 2641 recto
321 2564 451 2639 ordine
483 2564 680 2641 collocatas
712 2574 899 2640 auctorem
931 2588 1058 2638 aarum
1082 2574 1181 2640 certo

119 2666 272 2767 quidem
294 2668 546 2744 ratiocinando
567 2669 785 2769 assequitur.
887 2750 891 2756 ,

173 2797 233 2872 out
265 2815 372 2861 eorum
404 2816 484 2876 quae
515 2800 656 2861 videntur
688 2799 942 2877 pulchritudinis,
983 2816 1045 2876 qua
1074 2806 1183 2863 ornata

64 2888 159 2969 aaut,
180 2890 213 2946 st
231 2891 362 2948 naturae
382 2885 613 2963 amplitudinem
636 2903 706 2947 cum
729 2888 845 2947 ratione
868 2887 1051 2949 sensualiter
1069 2904 1182 2966 aggre-

63 2968 165 3049 ditur,
197 2970 283 3035 haud
310 2988 380 3034 eam
409 2990 463 3050 per
486 2978 680 3034 recreatam
703 2971 823 3035 efficere
849 2975 1012 3049 quiequam
1034 2974 1182 3037 concedet

65 3062 100 3121 et
120 3072 142 3119 tt
161 3058 364 3137 moderatrice
386 3061 434 3120 sui
458 3061 577 3120 ratione
598 3060 801 3133 disiunctum,
832 3076 890 3121 nec
912 3061 1013 3135 ipsam
1031 3061 1180 3121 rationem

62 3142 241 3206 malleolus
271 3146 465 3222 simplicitate
488 3145 630 3221 liberam,
665 3160 727 3222 qua
748 3147 866 3221 ratione
889 3152 951 3206 tam
974 3161 1086 3206 sensns
1110 3161 1181 3223 spe·

63 3230 131 3293 eles
160 3236 191 3293 et
219 3231 336 3293 formae
364 3249 419 3309 per
447 3233 581 3295 mediam
611 3237 794 3309 potestatem
825 3232 1007 3293 rationalem
1029 3232 1060 3291 in
1083 3233 1181 3293 omni·

62 3314 161 3379 fimas
190 3319 325 3379 rationes
353 3319 541 3398 diriguntur,
583 3333 675 3395 quam
706 3318 861 3380 rationalis
890 3320 1051 3395 potestatis
1080 3318 1180 3381 divar·

64 3402 159 3465 strate
192 3406 325 3467 varietas
359 3406 588 3467 omnifariamm
622 3421 728 3466 eorum
762 3421 841 3480 quae
870 3409 943 3465 sunt
971 3406 1123 3465 ranorum
1149 3406 1179 3465 in

63 3488 249 3552 uniformem
279 3496 311 3552 ct
336 3492 503 3569 simplicem
532 3498 563 3553 et
590 3491 809 3552 indifferentem
838 3491 1073 3552 intellectionem
1095 3491 1181 3569 cogi·

63 3580 132 3653 tur,
161 3590 224 3653 qua
243 3577 418 3654 individua,
452 3583 487 3640 ut
508 3578 633 3650 dicitur,
664 3582 695 3637 et
718 3579 896 3653 quantitatis
918 3593 1031 3655 expers
1055 3583 1086 3637 et
1107 3578 1180 3637 sim-

64 3660 139 3739 plex
160 3664 293 3743 cognitio
315 3668 453 3737 constat,
475 3666 504 3724 is
526 3680 633 3726 revera
655 3670 803 3738 quantum
825 3664 856 3726 id
878 3663 994 3725 homini
1015 3663 1101 3738 licet,
1124 3679 1180 3739 per

63 3748 197 3811 visibilia
223 3764 393 3827 eorumque
421 3750 558 3811 ordinem
588 3751 735 3812 lactarem
762 3752 898 3827 ipsorum
929 3756 960 3812 et
981 3756 1179 3812 conservato·

63 3849 131 3897 rem
148 3840 185 3899 ,et
205 3838 371 3915 principem
394 3838 497 3899 animo
519 3837 576 3898 sibi
597 3835 785 3907 informavit,
815 3842 906 3912 atque
929 3837 1020 3897 deum
1043 3837 1178 3914 agnovit,

64 3936 129 3985 non
158 3938 219 3999 quo
248 3924 321 4000 quid
342 3925 481 3986 essentia
502 3930 534 3986 et
555 3923 729 3985 substantia
751 3923 813 3983 sint
841 3919 927 4003 (nam
950 3922 1009 3984 hoc
1030 3924 1095 3984 lieri
1117 3939 1179 3983 non

62 4011 194 4087 potest),
229 4014 262 4070 at
289 4010 329 4071 dc
357 4010 568 4091 singularitate
597 4011 778 4070 existentiae
807 4009 873 4069 eius
902 4008 1022 4070 doctus.
1078 4012 1179 4086 Atque

63 4092 145 4157 ilaec
171 4100 244 4175 post
271 4113 394 4159 omnem
417 4097 572 4159 sensualis
594 4098 625 4156 in
651 4098 753 4172 specie
774 4096 934 4172 positionis
957 4102 987 4157 ct
1008 4096 1126 4174 figurae
1149 4102 1180 4157 et

62 4178 255 4245 lomuuoms
276 4188 308 4245 et
325 4185 468 4263 imaginis
490 4185 669 4258 transitum,
693 4188 739 4259 ct,
769 4184 796 4242 si
818 4184 867 4243 cui
888 4198 950 4241 non
974 4184 1085 4243 nimius
1108 4198 1179 4243 csse

64 4267 208 4346 videbor,
230 4272 318 4331 extra
339 4271 439 4346 ipsam
462 4284 584 4347 quoque
605 4269 699 4346 plane
715 4284 818 4330 rerum
836 4283 922 4416 quae1
928 4274 1009 4416 ἔξω
1026 4271 1179 4329 rationum
