2752 4778
120 386 395 488 Contemplatio
416 389 456 461 in
474 389 591 480 illud,
617 387 789 487 ,Triplex
810 392 1012 468 nativitatis
1034 417 1148 493 genus
1170 418 1234 469 no·

176 493 235 566 bis
258 490 421 600 agnoscit
439 493 642 590 scriptura!

230 645 328 721 thue
357 647 466 720 paucis
494 645 670 721 absolvam,
703 647 731 707 si
760 647 899 724 magistri
920 652 1097 709 accuratam
1118 648 1150 707 in
1172 646 1236 709 dis·
1295 702 1297 706 Α

120 730 480 809 putandosdiligentiam
510 733 783 808 cognoscereris,
811 748 926 809 quaere
949 749 1101 809 quaenam
1124 731 1236 796 sitilla

120 815 258 877 hominis
291 818 524 894 generationem
552 818 716 879 causaliter
748 819 937 894 praecedens
966 821 1060 893 ratio,
1095 834 1177 894 quae
1203 819 1234 879 in

120 912 184 963 sua
208 904 373 965 stabilitate
395 910 572 979 perseverat
594 919 748 980 nunqnam
771 921 949 983 egressura,
980 911 1010 968 et
1032 907 1100 982 quis
1122 906 1162 966 sit
1182 921 1237 981 ge·

120 990 294 1051 nerationis
318 991 384 1050 eius
408 1006 447 1050 ex
470 990 579 1052 delicto
601 989 772 1053 secundum
793 993 1009 1054 institutorium
1032 991 1082 1051 vel
1103 992 1237 1066 castige-

120 1075 237 1137 toriurn
263 1076 315 1137 dei
345 1076 505 1137 consilium
534 1076 661 1153 modus,
698 1078 785 1137 cuius
813 1078 882 1137 finis
912 1084 961 1139 est
975 1079 1054 1139 -eius
1077 1078 1238 1152 quiinsti-

120 1162 220 1221 tuitar
251 1163 438 1223 emendatio.
458 1162 561 1238 adque
588 1165 738 1225 rationem
770 1164 951 1225 conditionis
979 1180 1057 1225 suae
1086 1163 1237 1238 perlectus

120 1247 258 1320 reditus,
288 1256 319 1309 et
347 1249 517 1310 luculenter
545 1249 646 1310 disces
669 1251 823 1324 utromodo
846 1251 923 1311 deus
945 1267 1015 1311 curn
1037 1250 1130 1310 homo
1145 1249 1237 1309 -fieret

120 1350 164 1395 ax
186 1341 317 1409 utroque
337 1334 490 1411 perlectus
512 1335 612 1396 iactus
635 1337 688 1410 sit,
718 1337 758 1397 ad
782 1353 850 1397 eum
871 1353 962 1412 quem
981 1336 1114 1397 babebat
1130 1350 1237 1396 revera

120 1421 310 1483 conditionis
333 1423 480 1482 rationem
503 1421 596 1482 diuini
619 1422 738 1483 consilii
759 1423 883 1484 modum
902 1424 1065 1501 sapienter.
1074 1422 1237 1491 reducens,

120 1511 156 1568 st
178 1513 244 1569 tum
265 1511 331 1568 iure
352 1508 550 1570 admiraberis
575 1507 612 1568 de
628 1510 780 1590 magistri
797 1511 957 1580 acumine,
994 1508 1075 1584 quod
1098 1523 1136 1569 ea
1160 1523 1237 1582 qnae
1273 1510 1278 1520 '

120 1594 304 1657 naturaliter
333 1593 499 1657 cohaerent
526 1595 711 1671 cogitatione
738 1611 908 1675 segregans
934 1600 1030 1656 totam
1053 1595 1190 1670 mysterii
1210 1595 1237 1653 si

120 1680 209 1756 quod
232 1681 316 1741 aliud
337 1680 430 1741 divini
452 1682 482 1740 in
502 1682 589 1742 nobis
608 1681 725 1741 occulte
743 1682 948 1743 manifestavit
965 1683 1123 1743 rationem.
1164 1679 1238 1741 Cor-

120 1766 260 1843 poralem
283 1768 363 1829 enim
387 1769 614 1843 generationem
637 1767 722 1828 vitali
743 1767 949 1851 insufflatione
972 1775 1001 1829 et
1026 1769 1237 1828 incarnatione

120 1856 156 1913 in
182 1858 286 1915 mente
314 1853 508 1930 distinguens
537 1855 722 1931 generatorii
750 1855 834 1915 modi
860 1872 880 1915 a
906 1855 1105 1933 conditionis¹
1118 1854 1236 1915 ratione

120 1936 326 2000 differentiam
360 1941 491 2000 obscure
525 1941 717 2016 significavit.
771 1939 855 2013 Ques
890 1946 996 2001 nostra
1032 1956 1129 2001 causa
1159 1938 1237 2000 deus

120 2029 257 2087 naturae
278 2031 457 2099 renovator,
486 2027 589 2085 verius
613 2025 740 2086 dixerim
760 2032 904 2103 novator,
917 2028 1115 2101 assumpsit,
1136 2025 1238 2100 adque

120 2112 285 2188 pristinum
318 2112 467 2173 bonorem
495 2112 783 2188 incorruptibilitatis
811 2112 895 2172 iilam
924 2110 1052 2172 adduxit
1081 2127 1136 2187 per
1165 2126 1239 2171 sau·
1267 2173 1269 2177 .

120 2204 208 2260 ctam
237 2214 328 2259 suam
358 2213 437 2273 quae
465 2197 504 2258 de
532 2199 621 2259 nobis
651 2202 788 2274 sumpta·
802 2204 832 2259 et
858 2197 1078 2258 rationabiliter
1099 2197 1239 2258 animata

121 2289 196 2345 erat
224 2300 363 2356 carnem,
393 2299 522 2361 eamque
550 2278 713 2345 liberaliter
741 2285 868 2360 insuper
898 2283 1089 2344 deificatione
1110 2283 1239 2354 ornarit,

120 2370 167 2431 de
196 2384 258 2444 pua
284 2371 326 2432 ad
353 2371 477 2431 animae
503 2372 602 2432 instar
623 2373 652 2430 in
676 2386 805 2446 corpore
826 2369 1016 2431 inhabitante
1038 2364 1096 2445 ipsi
1119 2371 1171 2444 qui
1191 2369 1239 2429 in-

120 2462 275 2517 carnatus
297 2464 346 2519 est
365 2456 422 2517 deo
445 2456 587 2517 excidere
608 2457 693 2517 haud
715 2456 835 2527 liceret,
858 2472 938 2533 quse
957 2461 1056 2516 totum
1079 2455 1238 2515 inconfuse

120 2543 297 2605 secundum
323 2544 490 2605 unitionem
515 2545 702 2617 circumiret,
734 2557 850 2618 proque
879 2544 977 2618 ipsius
1004 2536 1059 2618 pe'r
1080 2556 1149 2603 eam
1173 2556 1238 2602 ma-

122 2629 322 2691 nifestatione
342 2631 373 2689 iu
397 2634 514 2690 tantum
536 2629 683 2691 occultari
704 2630 852 2706 reciperet
872 2629 903 2688 in
926 2634 1072 2705 quantum
1095 2629 1239 2703 ipseper

120 2728 197 2777 eam
215 2716 427 2777 manifestatus
447 2721 476 2776 et
494 2717 725 2777 occultationem
745 2732 833 2777 suam
852 2730 997 2793 agressus
1016 2729 1086 2795 asse
1109 2717 1241 2790 putatus.

122 2807 194 2865 est:
233 2809 264 2865 et
294 2801 365 2876 quid
395 2800 454 2863 boc
483 2799 715 2864 admirabilius?
750 2801 832 2876 quod
861 2801 1040 2863 naturaliter
1066 2801 1144 2860 daus
1171 2800 1238 2863 exi·

121 2894 233 2962 stans,
268 2893 299 2948 et
334 2888 427 2948 homo
462 2894 566 2949 tamen
601 2887 779 2950 naturaiiter
811 2888 875 2948 beri
902 2888 1065 2966 dignatus,
1100 2885 1238 2947 neutrius

122 2979 257 3037 nabrrae
279 2974 437 3037 naturales
460 2976 583 3035 omnino
603 2975 680 3035 lines
703 2990 758 3050 per
779 2975 907 3036 aiteram
929 2975 1085 3051 migravit,
1114 2970 1169 3033 sed
1192 2977 1240 3033 to·

121 3067 178 3123 tus
206 3060 283 3121 deus
311 3062 449 3121 existens
479 3064 561 3121 totus
578 3060 682 3121 -homo
711 3060 812 3122 iactus
833 3058 1060 3136 perseveravit?
1096 3057 1238 3133 eoquod

120 3147 206 3209 deus
235 3152 285 3207 cst
312 3148 475 3221 quominus
505 3145 595 3209 homo
625 3147 710 3207 fieret
737 3161 798 3208 non
827 3146 1013 3222 proliibitus,
1046 3154 1146 3218 neque
1168 3160 1239 3218 pro-

121 3233 208 3297 iecto
237 3250 274 3295 eo
304 3232 386 3308 quod
414 3233 507 3294 homo
534 3233 634 3294 tactus
666 3237 714 3293 est
743 3232 855 3294 deitate
882 3232 1077 3301 deminutus,
1105 3243 1188 3291 unus
1208 3235 1240 3288 et

122 3318 210 3381 idem
231 3325 314 3381 totus
336 3335 390 3395 per
412 3324 573 3395 utrumque
594 3334 717 3394 semper
739 3319 930 3392 consistens,
953 3322 984 3377 et
1006 3322 1109 3377 tamen
1131 3328 1240 3375 reuera

122 3412 306 3481 utrumque,
339 3410 369 3466 at
391 3404 484 3467 homo
506 3411 537 3466 et
557 3405 653 3477 deus,
685 3405 863 3466 naturaliter
884 3405 1035 3477 existens,
1064 3414 1165 3477 neque
1187 3416 1240 3463 es-

123 3491 251 3553 sentiali
270 3493 402 3568 partium
421 3491 569 3574 naturalis
588 3490 776 3552 differentiae
793 3491 967 3569 integritate
984 3489 1117 3559 divisus,
1139 3500 1240 3561 neque

124 3577 341 3656 singularitate
364 3577 556 3639 substantiae
579 3577 742 3649 contusus,
771 3592 833 3636 non
856 3580 991 3638 mutatus
1014 3577 1044 3634 in
1066 3573 1239 3635 interiorem

123 3668 268 3725 naturam
298 3668 351 3724 aut
380 3664 410 3723 in
438 3663 469 3723 id
498 3664 580 3740 quod
603 3679 663 3723 non
686 3666 770 3723 esset
791 3662 949 3739 delapsus.
1005 3660 1112 3722 Carnis
1130 3657 1239 3734 specie

122 3757 158 3813 et
188 3749 287 3811 torma
313 3749 449 3811 divinum
476 3750 560 3811 haud
591 3766 664 3826 prae
691 3766 728 3811 se
754 3749 855 3810 ferens
884 3747 1064 3821 consitium,
1100 3751 1131 3809 et
1160 3759 1240 3819 quae

121 3836 191 3899 alia
214 3836 259 3896 ad
290 3835 461 3897 subiectum
488 3837 640 3913 pertinere
668 3834 811 3896 dicuntur
831 3839 950 3910 praeter
972 3833 1142 3894 subiectum
1164 3830 1242 3891 reci-

122 3923 233 4002 piens,
271 3923 496 3983 consummavit
522 3921 615 3992 iliud,
651 3920 707 3981 sed
736 3922 835 3996 ipsam
864 3920 985 3996 proprie
1006 3923 1038 3979 et
1060 3932 1167 3978 revera
1186 3931 1240 3977 as-

123 4013 284 4084 sumptam
310 4006 477 4069 hamanam
507 4023 612 4068 secum
634 4007 703 4083 ipso
724 4012 865 4068 naturam
887 4004 1126 4067 substantialiter·
1146 4001 1240 4065 coed-

120 4096 234 4169 unavit
269 4093 418 4161 stabiliter
451 4100 482 4155 et
517 4096 697 4154 constanter
725 4096 755 4153 et
783 4093 903 4170 integre
931 4097 962 4153 et
989 4088 1242 4165 inseparabiliter,

122 4187 222 4258 atque
251 4181 409 4243 essentiali
437 4181 504 4241 eius
533 4181 650 4241 ratione
672 4192 709 4239 sc
730 4179 791 4240 fine
813 4195 854 4241 ue
875 4177 1062 4241 dilaberetur
1084 4175 1239 4238 contrait.

131 4312 412 4335 W

201 4387 225 4439 l.
246 4385 275 4435 lu
292 4382 446 4449 apographo
463 4382 521 4434 cod.
536 4381 606 4436 ilud.
624 4396 681 4432 meo
700 4389 771 4432 extat
789 4374 902 4447 τραπεὶς
918 4372 969 4444 τὴν
984 4369 1054 4429 susci
1072 4371 1162 4444 φύσιν
1179 4383 1239 4429 cett.
