2752 4778
1099 129 1244 270 ¹sr

117 376 227 436 sionis
263 390 346 453 qnae
372 376 544 437 secuudum
573 379 689 436 motum
712 381 761 436 cst
781 375 909 437 fructum
933 379 1077 449 messuit,
1104 381 1248 457 impossi-

117 462 282 525 bilitatem
312 463 380 524 dico
409 471 440 523 et
467 460 752 522 immutabilitatem.
804 460 905 523 Solius
935 466 1017 524 enim
1039 464 1089 524 dei
1109 472 1157 527 εει
1177 467 1247 527 finis

117 564 217 622 esse,
256 554 287 610 et
315 549 459 627 perfectio
487 553 519 608 et
545 547 792 625 impassibilitas:
827 565 931 609 eorum
963 566 1034 610 vero
1064 552 1247 626 quaefacta

120 641 221 712 suut,
252 634 293 696 ad
316 636 408 696 linem
430 634 576 711 principio
599 640 754 695 carentem
777 637 891 695 moveri
913 641 944 695 et
965 653 985 697 u
1007 643 1092 697 tento
1114 639 1247 714 perlecto

123 721 192 782 line
214 722 352 797 quletum
374 720 476 782 iacere
496 722 721 797 operationem,
751 725 782 781 et
803 722 883 796 pati,
912 719 967 782 sed
991 738 1052 781 non
1075 738 1163 799 esse,
1193 731 1248 786 aut

125 822 194 868 uon
223 808 291 869 lieri
320 807 490 868 secundum
521 809 689 868 essentiam
720 823 780 866 non
814 814 861 868 est
882 807 1094 869 'delectabile
1150 808 1248 873 Omne

127 895 216 955 enlm
251 894 366 956 iactum
402 898 433 954 et
465 899 599 954 creatum
629 909 690 953 non
718 895 900 954 immensum
928 894 1080 970 prolecto;
1120 896 1249 958 fideliter

129 986 238 1042 autem
260 979 399 1058 passioni
421 979 665 1041 auscultandum.
722 978 789 1040 Non
811 981 892 1041 enim
914 995 952 1040 ea
974 995 1054 1055 quae
1076 983 1247 1058 secundum

128 1068 368 1127 conversionem
391 1072 421 1126 et
443 1068 667 1143 corruptionem
690 1067 809 1126 virtutis
829 1071 891 1142 est,
914 1066 964 1126 bic
982 1066 1157 1129 declaratur
1172 1085 1247 1145 pas-

130 1154 197 1229 sio,
233 1152 290 1215 sed
318 1167 356 1213 ca
385 1166 464 1226 quae
493 1168 548 1228 per
575 1156 717 1213 naturam
746 1153 884 1213 subsistit
911 1153 941 1212 in
969 1151 1019 1212 bis
1051 1168 1130 1227 quae
1159 1162 1247 1231 sunt;

130 1239 240 1300 omnia
263 1239 343 1300 enlm
366 1252 569 1314 quaecunque
590 1238 670 1299 lacta
693 1244 766 1299 suut
788 1240 943 1314 patiuntur
960 1240 1091 1314 moveri,
1114 1242 1193 1301 sicut
1210 1258 1247 1302 ee

131 1339 215 1401 quae
247 1341 307 1386 non
336 1330 409 1385 sunt
435 1340 491 1401 per
520 1340 555 1384 se
583 1326 842 1401 ipsum-motus,
885 1331 938 1385 aut
965 1340 1019 1398 per
1052 1340 1087 1384 sc
1120 1328 1247 1402 ipsam-

132 1413 231 1471 vlrtus
254 1415 335 1472 sunt.
381 1408 414 1470 Si
436 1426 510 1488 ergo
534 1425 613 1485 quae
636 1411 739 1489 genita
762 1417 835 1472 sunt
854 1410 1048 1474 rationabilia
1066 1413 1246 1486 subsistunt,

132 1499 260 1559 omniuo
282 1499 374 1558 etium
398 1500 574 1571 moventur,
607 1503 713 1572 utpote
735 1513 774 1556 ex
795 1497 941 1574 principio
963 1497 1134 1558 secundum
1157 1505 1247 1562 natu-

132 1599 200 1646 ram
221 1599 277 1661 per
295 1597 381 1657 esse,
404 1582 444 1643 ud
460 1583 568 1655 linem,
592 1583 760 1644 secuudum
780 1584 983 1660 cognitionem
1000 1599 1056 1659 per
1072 1586 1152 1645 bene
1175 1601 1246 1647 esse

132 1674 236 1744 mota3
272 1669 342 1730 riuis
372 1669 455 1730 enim
483 1670 589 1729 eorum
620 1685 700 1744 quae
726 1675 888 1729 moventur
910 1674 1009 1729 motus
1030 1670 1132 1744 ipsum
1154 1673 1184 1732 iu
1208 1688 1245 1734 eo

133 1755 217 1831 qaod
240 1770 364 1832 semper
384 1761 433 1815 est
457 1755 535 1815 bene
552 1771 622 1816 csse
641 1763 705 1832 εει;
735 1757 815 1817 sicut
837 1762 867 1816 et
885 1755 1063 1831 principium
1081 1764 1129 1818 est
1146 1759 1245 1835 ipsum

133 1857 223 1913 esse,
253 1840 335 1917 quod
364 1841 485 1917 quidem
516 1847 565 1902 est
591 1841 685 1917 deus,
716 1843 767 1916 qui
797 1846 826 1902 et
854 1859 925 1903 esse
948 1841 1000 1902 dat
1022 1848 1051 1902 et
1072 1844 1151 1903 bene
1174 1861 1246 1905 esse

133 1928 247 2002 donat,
270 1929 337 1989 iure
359 1927 538 2004 principium
560 1934 591 1990 el
611 1927 695 2003 finis3
724 1944 763 1987 ex
785 1927 852 2003 ipso
875 1929 956 1987 enim
974 1933 1004 1988 el
1021 1929 1162 1990 absolute
1180 1947 1246 1992 mo·

133 2015 198 2075 veri
221 2028 280 2074 nos
301 2018 337 2074 ut
359 2030 378 2076 a
399 2014 561 2090 principio,
591 2019 621 2073 et
644 2013 858 2090 quoquomodo
880 2015 993 2073 moveri
1019 2014 1056 2072 ad
1080 2031 1131 2086 se,
1153 2022 1188 2076 ut
1206 2018 1246 2077 ad

134 2102 244 2171 linem,
274 2105 333 2162 est.
383 2098 416 2159 Si
437 2104 541 2160 autem
564 2105 703 2160 movetur
723 2099 996 2169 corrationabiliter
1017 2101 1137 2160 sibimet
1157 2103 1247 2163 iutel-

134 2186 307 2248 lcctuullter
322 2184 544 2260 intellectuale,
567 2188 691 2246 omniuo
710 2188 800 2247 etiam
818 2185 972 2263 intelligit:
996 2187 1022 2244 si
1040 2191 1142 2246 autem
1157 2188 1246 2248 intel-

133 2272 215 2351 ligit,
238 2273 363 2333 omuino
381 2276 464 2334 amet
481 2271 564 2347 quod
582 2273 737 2350 intelligit:
767 2273 793 2331 si
810 2277 908 2346 amat,
932 2272 1046 2346 patitur
1065 2275 1188 2334 omnino
1205 2275 1244 2334 ad

134 2360 237 2435 ipsum
258 2365 294 2420 ut
315 2358 444 2420 amabile
465 2372 645 2420 excessum:
678 2360 704 2418 si
727 2363 828 2420 autem
850 2357 980 2434 patitur,
1002 2357 1136 2434 prolecto
1154 2361 1244 2422 etiam

134 2445 276 2506 testinat:
304 2445 331 2505 sl
347 2444 488 2518 resana,
511 2446 634 2506 omnino
651 2446 744 2506 etiam
761 2443 889 2506 intendit
905 2442 1039 2505 validum
1057 2452 1189 2506 motum:
1219 2449 1245 2506 si

135 2539 239 2594 sutem
256 2529 385 2593 intendit
399 2528 533 2591 validum
548 2536 679 2606 motum,
704 2547 766 2591 uon
781 2535 843 2591 stat
856 2545 1016 2606 quousque
1033 2531 1088 2592 liat
1103 2538 1201 2594 totum
1214 2535 1244 2602 in
1347 2546 1350 2551 ·

134 2623 199 2678 ιοιο
215 2623 337 2693 smeto,
361 2622 391 2678 et
404 2632 423 2677 a
435 2621 499 2677 toto
513 2617 804 2694 comprehendatur3
827 2616 955 2677 libenter
966 2621 1063 2678 toturn
1077 2619 1245 2680 secundum

134 2703 324 2765 solumatcm
353 2702 519 2763 salutarem
549 2705 705 2779 accipiens
735 2703 1121 2780 circumscriptionem,·ut
1149 2710 1245 2767 toturn

135 2789 287 2856 afficiatur
315 2790 597 2864 circumscribente,
628 2795 663 2850 ut
692 2789 766 2850 nibil
790 2790 914 2849 omuino
936 2793 1029 2869 restet
1049 2791 1129 2851 velle
1150 2808 1190 2853 ex
1212 2809 1248 2853 se

134 2878 221 2954 ipso,
250 2891 286 2936 se
302 2876 403 2952 ipsum
423 2880 520 2935 totum
538 2891 726 2954 cognoscere
742 2875 873 2936 valendo
891 2876 1168 2952 circumscriptum,
1191 2879 1246 2939 sed

134 2978 174 3023 ex
202 2962 488 3037 circumscribente3
526 2963 606 3022 sicut
636 2965 689 3022 adr
719 2978 773 3038 per
794 2966 890 3022 totum
912 2961 1100 3025 illuminatus
1122 2964 1245 3040 lumine,

133 3056 165 3111 ct
192 3049 266 3126 igue
291 3046 404 3108 iermm
427 3052 524 3108 totum
545 3053 609 3109 toto
633 3048 848 3123 liquefactum,
880 3053 933 3108 aut
954 3048 980 3107 si
1002 3049 1074 3125 quid
1097 3050 1180 3112 aliud
1201 3056 1247 3111 ts-

133 3133 208 3196 llum
228 3138 286 3194 est.
331 3133 376 3194 Ex
395 3134 505 3208 quibus
525 3133 712 3211 speculative
731 3134 881 3205 futuram,
904 3133 959 3194 sed
978 3150 1040 3194 uon
1056 3136 1117 3195 iam
1135 3137 1245 3198 luctum

134 3229 167 3282 et
193 3217 423 3296 ⁸incorruptam
450 3220 552 3297 dignis
582 3221 726 3281 bonitatis
747 3219 1007 3297 perticipationem
1031 3236 1087 3297 per
1108 3222 1247 3283 similitu·
1310 3230 1312 3235 ’

133 3306 238 3367 dinem
272 3304 465 3367 solummodo
489 3307 674 3382 accipimus3
710 3308 853 3382 quoniam
877 3311 907 3365 et
930 3322 1023 3383 super
1044 3309 1148 3368 omnia
1168 3307 1247 3369 haec

135 3399 210 3453 sunt
239 3406 320 3467 quac
349 3391 505 3468 speranda
535 3397 623 3467 sunt,
658 3394 763 3452 merito
784 3393 857 3452 dum
882 3394 943 3451 siut
956 3409 1086 3453 summa
1109 3395 1245 3469 visionis,

133 3480 215 3540 sicut
244 3480 391 3554 scriptum
420 3484 484 3550 εει,
520 3485 550 3541 ει
580 3479 701 3540 auditus
730 3483 761 3539 et
787 3478 976 3553 intellectus;
1012 3484 1041 3538 ει
1063 3478 1122 3539 boc
1143 3481 1247 3556 utique

133 3570 184 3626 est
210 3565 281 3640 ipsa
308 3565 472 3640 subiectio,
501 3563 616 3639 'quum
646 3564 767 3625 divinus
798 3564 956 3639 apostolus
985 3565 1026 3623 ait
1054 3567 1131 3640 patri
1153 3566 1246 3626 lilium

134 3651 345 3712 sublecturum
380 3651 445 3710 iore
479 3651 647 3711 voluntarie
683 3652 836 3726 accepturi
870 3651 1024 3711 subiectos
1056 3667 1143 3722 esse,
1178 3659 1247 3728 post

134 3738 230 3812 quam
251 3740 285 3796 et
304 3751 358 3812 per
379 3752 472 3811 quam
495 3738 662 3798 novissima
683 3737 806 3797 inimica
828 3736 1002 3796 destruetur
1021 3753 1120 3809 mors,
1143 3743 1247 3814 utpote

134 3821 340 3899 corruptionis
369 3823 521 3898 potentia,
554 3839 609 3899 per
638 3838 728 3897 quam
758 3822 795 3882 ad
820 3838 878 3882 nos
901 3822 970 3882 iecit
991 3824 1146 3884 introitum
1168 3826 1247 3902 (ipso

134 3911 165 3970 lu
189 3909 293 3982 nobis,
327 3908 379 3983 qui
401 3925 455 3984 per
477 3925 512 3969 se
534 3917 643 3986 potens
667 3916 730 3979 est,
759 3907 924 3968 adiuvante
947 3924 1052 3969 secum
1074 3908 1163 3989 nos),
1194 3928 1247 3971 vo·

135 3995 269 4056 muteris
297 3994 510 4055 universaliter
537 3995 596 4055 deo
626 3992 648 4028 ¹⁰
658 3995 802 4070 implente
830 3999 861 4054 et
890 3995 969 4054 bene
998 4001 1145 4072 regnante
1166 3997 1247 4073 quod

136 4080 268 4159 ¹¹rsglt,
298 4081 392 4141 otium
421 4081 543 4158 agendo
572 4098 612 4140 ue
634 4080 706 4155 quid
729 4079 801 4140 velit
823 4085 942 4155 praeter
964 4081 1131 4155 quodvult
1153 4082 1247 4159 deus;

205 4244 232 4298 7.
251 4237 353 4293 ἄποιον
366 4264 400 4292 =
412 4247 476 4297 sine
489 4241 644 4366 affcctione
657 4247 697 4297 cd
711 4246 812 4331 clepa,
830 4247 963 4298 immane.
984 4245 1079 4311 (Gale.)
1132 4248 1158 4301 8.
1178 4249 1253 4333 Lege

137 4313 317 4376 compton.
348 4311 443 4378 (dulc.)
532 4315 630 4380 .cha
647 4327 722 4381 qua,
746 4331 772 4383 p.
805 4312 901 4378 (Gale.)
975 4315 1014 4368 10.
1035 4317 1105 4382 Lege
1123 4316 1246 4370 cedente.

139 4380 236 4447 (dds.)
309 4378 708 4449 11.Legcrepltett·.((lale.)
993 4453 1041 4515 μ
