<?xml version="1.0" encoding="UTF-8"?>
<!DOCTYPE html PUBLIC "-//W3C//DTD XHTML 1.0 Transitional//EN"
    "http://www.w3.org/TR/xhtml1/DTD/xhtml1-transitional.dtd">
<html xmlns="http://www.w3.org/1999/xhtml" xml:lang="en" lang="en">
 <head>
  <title>
</title>
<meta http-equiv="Content-Type" content="text/html;charset=utf-8" />
  <meta name='ocr-system' content='tesseract 3.04.00' />
  <meta name='ocr-capabilities' content='ocr_page ocr_carea ocr_par ocr_line ocrx_word'/>
</head>
<body>
  <div class='ocr_page' id='page_1' title='image "./sanctipatrisnos00maxigoog_0329.png"; bbox 0 0 2752 4778; ppageno 0'>
   <div class='ocr_carea' id='block_1_1' title="bbox 223 240 298 320">
    <p class='ocr_par' dir='ltr' id='par_1_1' title="bbox 223 240 298 320">
     <span class='ocr_line' id='line_1_1' title="bbox 223 240 298 320; baseline 0.053 -4"><span class='ocrx_word' id='word_1_1' title='bbox 223 240 298 320; x_wconf 64' lang='lat' dir='ltr'><strong><em>m</em></strong></span> 
     </span>
    </p>
   </div>
   <div class='ocr_carea' id='block_1_2' title="bbox 58 407 1374 4159">
    <p class='ocr_par' dir='ltr' id='par_1_2' title="bbox 58 407 1374 4128">
     <span class='ocr_line' id='line_1_2' title="bbox 220 407 1334 531; baseline -0.004 -40"><span class='ocrx_word' id='word_1_2' title='bbox 220 430 275 492; x_wconf 84' lang='grc' dir='ltr'><strong><em>καὶ</em></strong></span> <span class='ocrx_word' id='word_1_3' title='bbox 288 407 453 531; x_wconf 82' lang='grc' dir='ltr'><strong><em>ἀληθῶς</em></strong></span> <span class='ocrx_word' id='word_1_4' title='bbox 446 419 656 499; x_wconf 45' lang='lat' dir='ltr'><strong><em>&#39;duodecem</em></strong></span> <span class='ocrx_word' id='word_1_5' title='bbox 692 416 757 486; x_wconf 72' lang='grc' dir='ltr'><strong><em>κατ’</em></strong></span> <span class='ocrx_word' id='word_1_6' title='bbox 780 409 878 484; x_wconf 86' lang='grc' dir='ltr'><strong><em>αάτδν</em></strong></span> <span class='ocrx_word' id='word_1_7' title='bbox 898 407 938 484; x_wconf 83' lang='grc' dir='ltr'><strong><em>δι’</em></strong></span> <span class='ocrx_word' id='word_1_8' title='bbox 962 417 1040 486; x_wconf 81' lang='grc' dir='ltr'><strong><em>ὅλον</em></strong></span> <span class='ocrx_word' id='word_1_9' title='bbox 1090 423 1334 526; x_wconf 77' lang='grc' dir='ltr'><strong><em>εμορφωμδνους</em></strong></span> 
     </span>
     <span class='ocr_line' id='line_1_3' title="bbox 58 442 1334 617; baseline -0.002 -40"><span class='ocrx_word' id='word_1_10' title='bbox 58 536 107 579; x_wconf 75' lang='grc' dir='ltr'><strong><em>ιιι</em></strong></span> <span class='ocrx_word' id='word_1_11' title='bbox 121 532 214 580; x_wconf 68' lang='grc' dir='ltr'><strong><em>ικκευ</em></strong></span> <span class='ocrx_word' id='word_1_12' title='bbox 221 516 275 578; x_wconf 87' lang='grc' dir='ltr'><strong><em>καὶ</em></strong></span> <span class='ocrx_word' id='word_1_13' title='bbox 304 511 391 577; x_wconf 88' lang='grc' dir='ltr'><strong><em>σῶαν</em></strong></span> <span class='ocrx_word' id='word_1_14' title='bbox 415 505 512 574; x_wconf 75' lang='grc' dir='ltr'><strong><em>αὐτοῦ</em></strong></span> <span class='ocrx_word' id='word_1_15' title='bbox 534 511 588 571; x_wconf 84' lang='grc' dir='ltr'><strong><em>καί</em></strong></span> <span class='ocrx_word' id='word_1_16' title='bbox 610 510 770 582; x_wconf 77' lang='grc' dir='ltr'><strong><em>παντελῶς</em></strong></span> <span class='ocrx_word' id='word_1_17' title='bbox 784 501 1017 617; x_wconf 76' lang='grc' dir='ltr'><strong><em>ἀκίβδηλον</em></strong></span> <span class='ocrx_word' id='word_1_18' title='bbox 984 530 1039 585; x_wconf 85' lang='grc' dir='ltr'><strong><em>την</em></strong></span> <span class='ocrx_word' id='word_1_19' title='bbox 1058 442 1202 593; x_wconf 60' lang='lat'>6666</span> <span class='ocrx_word' id='word_1_20' title='bbox 1227 510 1334 612; x_wconf 78' lang='grc' dir='ltr'><strong><em>φόρον·</em></strong></span> 
     </span>
     <span class='ocr_line' id='line_1_4' title="bbox 221 589 1335 701; baseline -0.003 -39"><span class='ocrx_word' id='word_1_21' title='bbox 221 623 293 678; x_wconf 90' lang='grc' dir='ltr'><strong><em>τας,</em></strong></span> <span class='ocrx_word' id='word_1_22' title='bbox 322 589 356 676; x_wconf 85' lang='grc' dir='ltr'><strong><em>ῆς</em></strong></span> <span class='ocrx_word' id='word_1_23' title='bbox 385 591 450 660; x_wconf 76' lang='grc' dir='ltr'><strong><em>κατ’</em></strong></span> <span class='ocrx_word' id='word_1_24' title='bbox 477 591 589 659; x_wconf 82' lang='grc' dir='ltr'><strong><em>οάδένα</em></strong></span> <span class='ocrx_word' id='word_1_25' title='bbox 612 592 734 677; x_wconf 79' lang='grc' dir='ltr'><strong><em>τρόπον</em></strong></span> <span class='ocrx_word' id='word_1_26' title='bbox 756 589 849 700; x_wconf 69' lang='grc' dir='ltr'><strong><em>οάδδχ</em></strong></span> <span class='ocrx_word' id='word_1_27' title='bbox 871 595 933 657; x_wconf 90' lang='grc' dir='ltr'><strong><em>τῶν</em></strong></span> <span class='ocrx_word' id='word_1_28' title='bbox 953 592 1086 701; x_wconf 68' lang='grc' dir='ltr'><strong><em>μθορῶς</em></strong></span> <span class='ocrx_word' id='word_1_29' title='bbox 1107 592 1335 701; x_wconf 69' lang='grc' dir='ltr'><strong><em>γνωρισμάτων</em></strong></span> 
     </span>
     <span class='ocr_line' id='line_1_5' title="bbox 142 674 1336 787; baseline -0.004 -39"><span class='ocrx_word' id='word_1_30' title='bbox 142 699 145 707; x_wconf 90' lang='grc'><strong>’</strong></span> <span class='ocrx_word' id='word_1_31' title='bbox 195 683 370 759; x_wconf 85' lang='grc' dir='ltr'><strong><em>’ἀπτεται,</em></strong></span> <span class='ocrx_word' id='word_1_32' title='bbox 403 686 456 745; x_wconf 82' lang='grc' dir='ltr'><strong><em>καὶ</em></strong></span> <span class='ocrx_word' id='word_1_33' title='bbox 485 678 543 745; x_wconf 77' lang='grc' dir='ltr'><strong><em>σῦν</em></strong></span> <span class='ocrx_word' id='word_1_34' title='bbox 571 674 643 762; x_wconf 85' lang='grc' dir='ltr'><strong><em>ῆμίν</em></strong></span> <span class='ocrx_word' id='word_1_35' title='bbox 673 685 726 745; x_wconf 85' lang='grc' dir='ltr'><strong><em>καὶ</em></strong></span> <span class='ocrx_word' id='word_1_36' title='bbox 756 674 841 743; x_wconf 77' lang='lat' dir='ltr'><strong><em>66c</em></strong></span> <span class='ocrx_word' id='word_1_37' title='bbox 825 681 907 787; x_wconf 84' lang='grc' dir='ltr'><strong><em>η’μάς</em></strong></span> <span class='ocrx_word' id='word_1_38' title='bbox 928 703 982 758; x_wconf 89' lang='grc' dir='ltr'><strong><em>την</em></strong></span> <span class='ocrx_word' id='word_1_39' title='bbox 1004 677 1139 744; x_wconf 85' lang='grc' dir='ltr'><strong><em>ἀπασαν</em></strong></span> <span class='ocrx_word' id='word_1_40' title='bbox 1162 685 1272 746; x_wconf 91' lang='grc' dir='ltr'><strong><em>κτίσιν</em></strong></span> <span class='ocrx_word' id='word_1_41' title='bbox 1292 676 1336 744; x_wconf 84' lang='grc' dir='ltr'><strong><em>διά</em></strong></span> 
     </span>
     <span class='ocr_line' id='line_1_6' title="bbox 222 760 1336 876; baseline -0.004 -43"><span class='ocrx_word' id='word_1_42' title='bbox 222 771 284 834; x_wconf 88' lang='grc' dir='ltr'><strong><em>τῶν</em></strong></span> <span class='ocrx_word' id='word_1_43' title='bbox 319 772 424 876; x_wconf 81' lang='grc' dir='ltr'><strong><em>μέσων</em></strong></span> <span class='ocrx_word' id='word_1_44' title='bbox 460 760 513 841; x_wconf 86' lang='grc' dir='ltr'><strong><em>ῶς</em></strong></span> <span class='ocrx_word' id='word_1_45' title='bbox 533 767 639 870; x_wconf 84' lang='grc' dir='ltr'><strong><em>μερῶν</em></strong></span> <span class='ocrx_word' id='word_1_46' title='bbox 672 766 762 830; x_wconf 89' lang='grc' dir='ltr'><strong><em>ίδίων</em></strong></span> <span class='ocrx_word' id='word_1_47' title='bbox 791 762 829 828; x_wconf 81' lang='grc' dir='ltr'><strong><em>τὰ</em></strong></span> <span class='ocrx_word' id='word_1_48' title='bbox 858 761 941 848; x_wconf 88' lang='grc' dir='ltr'><strong><em>άκρα</em></strong></span> <span class='ocrx_word' id='word_1_49' title='bbox 967 763 1156 848; x_wconf 74' lang='grc' dir='ltr'><strong><em>περιλαβών</em></strong></span> <span class='ocrx_word' id='word_1_50' title='bbox 1185 771 1244 830; x_wconf 82' lang='grc' dir='ltr'><strong><em>καί</em></strong></span> <span class='ocrx_word' id='word_1_51' title='bbox 1272 770 1336 848; x_wconf 81' lang='grc' dir='ltr'><strong><em>περὶ</em></strong></span> 
     </span>
     <span class='ocr_line' id='line_1_7' title="bbox 224 847 1336 960; baseline -0.004 -40"><span class='ocrx_word' id='word_1_52' title='bbox 224 851 336 920; x_wconf 81' lang='grc' dir='ltr'><strong><em>ἑαυτόν</em></strong></span> <span class='ocrx_word' id='word_1_53' title='bbox 357 849 484 960; x_wconf 79' lang='grc' dir='ltr'><strong><em>ἀλότμς</em></strong></span> <span class='ocrx_word' id='word_1_54' title='bbox 504 847 654 929; x_wconf 79' lang='grc' dir='ltr'><strong><em>ἀλληλοις</em></strong></span> <span class='ocrx_word' id='word_1_55' title='bbox 674 851 866 934; x_wconf 78' lang='grc' dir='ltr'><strong><em>διασφίγξας</em></strong></span> <span class='ocrx_word' id='word_1_56' title='bbox 887 850 1112 960; x_wconf 85' lang='grc' dir='ltr'><strong><em>παράδεισον</em></strong></span> <span class='ocrx_word' id='word_1_57' title='bbox 1109 856 1168 915; x_wconf 77' lang='grc' dir='ltr'><strong><em>καὶ</em></strong></span> <span class='ocrx_word' id='word_1_58' title='bbox 1192 851 1336 936; x_wconf 69' lang='lat' dir='ltr'><strong><em>0220va-</em></strong></span> 
     </span>
     <span class='ocr_line' id='line_1_8' title="bbox 224 933 1335 1045; baseline -0.001 -41"><span class='ocrx_word' id='word_1_59' title='bbox 224 965 294 1021; x_wconf 95' lang='grc' dir='ltr'><strong><em>νην,</em></strong></span> <span class='ocrx_word' id='word_1_60' title='bbox 330 935 467 1022; x_wconf 84' lang='grc' dir='ltr'><strong><em>οάρανδν</em></strong></span> <span class='ocrx_word' id='word_1_61' title='bbox 497 942 550 1002; x_wconf 86' lang='grc' dir='ltr'><strong><em>καί</em></strong></span> <span class='ocrx_word' id='word_1_62' title='bbox 580 940 652 1018; x_wconf 90' lang='grc' dir='ltr'><strong><em>γῆν,</em></strong></span> <span class='ocrx_word' id='word_1_63' title='bbox 688 935 827 1015; x_wconf 72' lang='grc' dir='ltr'><strong><em>αἰσθητά</em></strong></span> <span class='ocrx_word' id='word_1_64' title='bbox 859 941 913 1001; x_wconf 85' lang='grc' dir='ltr'><strong><em>καὶ</em></strong></span> <span class='ocrx_word' id='word_1_65' title='bbox 940 933 1056 1018; x_wconf 84' lang='grc' dir='ltr'><strong><em>νοητά,</em></strong></span> <span class='ocrx_word' id='word_1_66' title='bbox 1089 933 1133 1012; x_wconf 89' lang='grc' dir='ltr'><strong><em>ῶς</em></strong></span> <span class='ocrx_word' id='word_1_67' title='bbox 1164 940 1264 1045; x_wconf 88' lang='grc' dir='ltr'><strong><em>σῶμα</em></strong></span> <span class='ocrx_word' id='word_1_68' title='bbox 1291 941 1335 1002; x_wconf 74' lang='grc' dir='ltr'><strong><em>καί</em></strong></span> 
     </span>
     <span class='ocr_line' id='line_1_9' title="bbox 224 1017 1369 1130; baseline -0.005 -38"><span class='ocrx_word' id='word_1_69' title='bbox 224 1027 381 1105; x_wconf 79' lang='grc' dir='ltr'><strong><em>αἴσθησιν</em></strong></span> <span class='ocrx_word' id='word_1_70' title='bbox 402 1029 456 1088; x_wconf 81' lang='grc' dir='ltr'><strong><em>καὶ</em></strong></span> <span class='ocrx_word' id='word_1_71' title='bbox 477 1021 586 1130; x_wconf 77' lang='grc' dir='ltr'><strong><em>ψυχῆν</em></strong></span> <span class='ocrx_word' id='word_1_72' title='bbox 603 1018 717 1128; x_wconf 63' lang='grc' dir='ltr'><strong><em>καθ’</em></strong></span> <span class='ocrx_word' id='word_1_73' title='bbox 700 1027 782 1107; x_wconf 82' lang='grc' dir='ltr'><strong><em>ημᾶς</em></strong></span> <span class='ocrx_word' id='word_1_74' title='bbox 802 1021 885 1130; x_wconf 70' lang='grc' dir='ltr'><strong><em>ἔχων</em></strong></span> <span class='ocrx_word' id='word_1_75' title='bbox 906 1028 960 1088; x_wconf 82' lang='grc' dir='ltr'><strong><em>καὶ</em></strong></span> <span class='ocrx_word' id='word_1_76' title='bbox 981 1024 1075 1104; x_wconf 76' lang='grc' dir='ltr'><strong><em>νοῶν,</em></strong></span> <span class='ocrx_word' id='word_1_77' title='bbox 1099 1017 1195 1098; x_wconf 69' lang='grc' dir='ltr'><strong><em>οἷς”</em></strong></span> <span class='ocrx_word' id='word_1_78' title='bbox 1170 1048 1216 1100; x_wconf 90' lang='grc' dir='ltr'><strong><em>ως</em></strong></span> <span class='ocrx_word' id='word_1_79' title='bbox 1232 1026 1335 1108; x_wconf 75' lang='grc' dir='ltr'><strong><em>μέρεσι</em></strong></span> <span class='ocrx_word' id='word_1_80' title='bbox 1363 1058 1369 1095; x_wconf 73' lang='grc' dir='ltr'><strong><em>η</em></strong></span> 
     </span>
     <span class='ocr_line' id='line_1_10' title="bbox 224 1104 1336 1196; baseline -0.004 -18"><span class='ocrx_word' id='word_1_81' title='bbox 224 1107 298 1179; x_wconf 71' lang='grc' dir='ltr'><strong><em>καθ’</em></strong></span> <span class='ocrx_word' id='word_1_82' title='bbox 336 1109 467 1176; x_wconf 75' lang='grc' dir='ltr'><strong><em>ἕκαστον</em></strong></span> <span class='ocrx_word' id='word_1_83' title='bbox 502 1106 538 1172; x_wconf 84' lang='grc' dir='ltr'><strong><em>τό</em></strong></span> <span class='ocrx_word' id='word_1_84' title='bbox 574 1104 695 1196; x_wconf 81' lang='grc' dir='ltr'><strong><em>ἑκάστῳ</em></strong></span> <span class='ocrx_word' id='word_1_85' title='bbox 728 1104 875 1174; x_wconf 92' lang='grc' dir='ltr'><strong><em>καθόλου</em></strong></span> <span class='ocrx_word' id='word_1_86' title='bbox 909 1112 1053 1193; x_wconf 79' lang='grc' dir='ltr'><strong><em>συγγενὲς</em></strong></span> <span class='ocrx_word' id='word_1_87' title='bbox 1089 1108 1336 1194; x_wconf 74' lang='grc' dir='ltr'><strong><em>οἰκειωσάμενος</em></strong></span> 
     </span>
     <span class='ocr_line' id='line_1_11' title="bbox 224 1172 1334 1304; baseline -0.005 -39"><span class='ocrx_word' id='word_1_88' title='bbox 224 1197 323 1302; x_wconf 86' lang='grc' dir='ltr'><strong><em>ἀκρον</em></strong></span> <span class='ocrx_word' id='word_1_89' title='bbox 345 1193 425 1262; x_wconf 85' lang='grc' dir='ltr'><strong><em>κατά</em></strong></span> <span class='ocrx_word' id='word_1_90' title='bbox 447 1192 502 1260; x_wconf 83' lang='grc' dir='ltr'><strong><em>τόν</em></strong></span> <span class='ocrx_word' id='word_1_91' title='bbox 523 1172 793 1279; x_wconf 74' lang='grc' dir='ltr'><strong><em>προαποδδθέντα</em></strong></span> <span class='ocrx_word' id='word_1_92' title='bbox 815 1193 937 1304; x_wconf 79' lang='grc' dir='ltr'><strong><em>τρόπον</em></strong></span> <span class='ocrx_word' id='word_1_93' title='bbox 952 1199 1170 1300; x_wconf 73' lang='grc' dir='ltr'><strong><em>θεοπρεπῶς</em></strong></span> <span class='ocrx_word' id='word_1_94' title='bbox 1178 1195 1218 1260; x_wconf 81' lang='grc' dir='ltr'><strong><em>τά</em></strong></span> <span class='ocrx_word' id='word_1_95' title='bbox 1241 1195 1334 1260; x_wconf 80' lang='grc' dir='ltr'><strong><em>πάντα</em></strong></span> 
     </span>
     <span class='ocr_line' id='line_1_12' title="bbox 142 1278 1336 1390; baseline -0.001 -40"><span class='ocrx_word' id='word_1_96' title='bbox 142 1334 145 1339; x_wconf 90' lang='grc'>-</span> <span class='ocrx_word' id='word_1_97' title='bbox 224 1285 271 1361; x_wconf 81' lang='grc' dir='ltr'><strong><em>εἷς</em></strong></span> <span class='ocrx_word' id='word_1_98' title='bbox 302 1282 414 1348; x_wconf 79' lang='grc' dir='ltr'><strong><em>ἑαυτὸν</em></strong></span> <span class='ocrx_word' id='word_1_99' title='bbox 442 1279 760 1390; x_wconf 78' lang='grc' dir='ltr'><strong><em>ἀνεκεφυλαιῶσμτο,</em></strong></span> <span class='ocrx_word' id='word_1_100' title='bbox 788 1286 875 1389; x_wconf 88' lang='grc' dir='ltr'><strong><em>μίαν</em></strong></span> <span class='ocrx_word' id='word_1_101' title='bbox 896 1278 1105 1366; x_wconf 78' lang='grc' dir='ltr'><strong><em>δπάρχουσαν</em></strong></span> <span class='ocrx_word' id='word_1_102' title='bbox 1133 1278 1194 1361; x_wconf 84' lang='grc' dir='ltr'><strong><em>τῆν</em></strong></span> <span class='ocrx_word' id='word_1_103' title='bbox 1215 1281 1336 1388; x_wconf 59' lang='grc' dir='ltr'><strong><em>ἀπῶσεν</em></strong></span> 
     </span>
     <span class='ocr_line' id='line_1_13' title="bbox 224 1364 1336 1476; baseline -0.005 -39"><span class='ocrx_word' id='word_1_104' title='bbox 224 1376 328 1437; x_wconf 81' lang='grc' dir='ltr'><strong><em>κτίσιν</em></strong></span> <span class='ocrx_word' id='word_1_105' title='bbox 349 1370 468 1476; x_wconf 72' lang='grc' dir='ltr'><strong><em>δείξας,</em></strong></span> <span class='ocrx_word' id='word_1_106' title='bbox 493 1366 651 1471; x_wconf 86' lang='grc' dir='ltr'><strong><em>καθάπερ</em></strong></span> <span class='ocrx_word' id='word_1_107' title='bbox 665 1364 839 1452; x_wconf 85' lang='grc' dir='ltr'><strong><em>ἀνθρωπον</em></strong></span> <span class='ocrx_word' id='word_1_108' title='bbox 860 1364 976 1448; x_wconf 84' lang='grc' dir='ltr'><strong><em>ἀλλον,</em></strong></span> <span class='ocrx_word' id='word_1_109' title='bbox 997 1370 1034 1458; x_wconf 79' lang='grc' dir='ltr'><strong><em>τῆ</em></strong></span> <span class='ocrx_word' id='word_1_110' title='bbox 1056 1371 1120 1432; x_wconf 81' lang='grc' dir='ltr'><strong><em>τῶν</em></strong></span> <span class='ocrx_word' id='word_1_111' title='bbox 1140 1373 1256 1476; x_wconf 87' lang='grc' dir='ltr'><strong><em>μερῶν</em></strong></span> <span class='ocrx_word' id='word_1_112' title='bbox 1276 1367 1336 1433; x_wconf 77' lang='grc' dir='ltr'><strong><em>ἐπι·</em></strong></span> 
     </span>
     <span class='ocr_line' id='line_1_14' title="bbox 224 1435 1336 1560; baseline -0.002 -39"><span class='ocrx_word' id='word_1_113' title='bbox 224 1460 278 1536; x_wconf 89' lang='grc' dir='ltr'><strong><em>τῆς</em></strong></span> <span class='ocrx_word' id='word_1_114' title='bbox 310 1455 392 1540; x_wconf 91' lang='grc' dir='ltr'><strong><em>πρὸς</em></strong></span> <span class='ocrx_word' id='word_1_115' title='bbox 423 1451 542 1531; x_wconf 84' lang='grc' dir='ltr'><strong><em>ἀλληλα</em></strong></span> <span class='ocrx_word' id='word_1_116' title='bbox 571 1451 695 1540; x_wconf 83' lang='grc' dir='ltr'><strong><em>συνόδῳ</em></strong></span> <span class='ocrx_word' id='word_1_117' title='bbox 727 1435 1024 1560; x_wconf 85' lang='grc' dir='ltr'><strong><em>συμπληρουμένην</em></strong></span> <span class='ocrx_word' id='word_1_118' title='bbox 1035 1459 1090 1518; x_wconf 87' lang='grc' dir='ltr'><strong><em>καὶ</em></strong></span> <span class='ocrx_word' id='word_1_119' title='bbox 1118 1452 1206 1540; x_wconf 87' lang='grc' dir='ltr'><strong><em>πρδς</em></strong></span> <span class='ocrx_word' id='word_1_120' title='bbox 1235 1452 1336 1534; x_wconf 79' lang='grc' dir='ltr'><strong><em>ἑανπῆν</em></strong></span> 
     </span>
     <span class='ocr_line' id='line_1_15' title="bbox 224 1518 1336 1645; baseline -0.004 -37"><span class='ocrx_word' id='word_1_121' title='bbox 224 1541 377 1608; x_wconf 79' lang='grc' dir='ltr'><strong><em>νεύουσαν</em></strong></span> <span class='ocrx_word' id='word_1_122' title='bbox 400 1543 440 1629; x_wconf 82' lang='grc' dir='ltr'><strong><em>τῆ</em></strong></span> <span class='ocrx_word' id='word_1_123' title='bbox 458 1535 583 1618; x_wconf 88' lang='grc' dir='ltr'><strong><em>δλότητι</em></strong></span> <span class='ocrx_word' id='word_1_124' title='bbox 608 1543 660 1618; x_wconf 92' lang='grc' dir='ltr'><strong><em>τῆς</em></strong></span> <span class='ocrx_word' id='word_1_125' title='bbox 678 1518 861 1645; x_wconf 72' lang='grc' dir='ltr'><strong><em>ὑπάρξεως,</em></strong></span> <span class='ocrx_word' id='word_1_126' title='bbox 883 1538 962 1604; x_wconf 85' lang='grc' dir='ltr'><strong><em>κατά</em></strong></span> <span class='ocrx_word' id='word_1_127' title='bbox 981 1537 1039 1618; x_wconf 80' lang='grc' dir='ltr'><strong><em>,τῆν</em></strong></span> <span class='ocrx_word' id='word_1_128' title='bbox 1059 1545 1141 1624; x_wconf 90' lang='grc' dir='ltr'><strong><em>μίαν</em></strong></span> <span class='ocrx_word' id='word_1_129' title='bbox 1163 1547 1221 1605; x_wconf 80' lang='grc' dir='ltr'><strong><em>καὶ</em></strong></span> <span class='ocrx_word' id='word_1_130' title='bbox 1245 1537 1336 1620; x_wconf 78' lang='grc' dir='ltr'><strong><em>ἀπλῆν</em></strong></span> 
     </span>
     <span class='ocr_line' id='line_1_16' title="bbox 225 1606 1368 1736; baseline 0.002 -43"><span class='ocrx_word' id='word_1_131' title='bbox 225 1633 279 1694; x_wconf 85' lang='grc' dir='ltr'><strong><em>καὶ</em></strong></span> <span class='ocrx_word' id='word_1_132' title='bbox 305 1606 598 1727; x_wconf 77' lang='grc' dir='ltr'><strong><em>ἀπροςδιόριστον,</em></strong></span> <span class='ocrx_word' id='word_1_133' title='bbox 631 1621 685 1703; x_wconf 87' lang='grc' dir='ltr'><strong><em>τῆς</em></strong></span> <span class='ocrx_word' id='word_1_134' title='bbox 715 1625 749 1691; x_wconf 80' lang='grc' dir='ltr'><strong><em>ἐκ</em></strong></span> <span class='ocrx_word' id='word_1_135' title='bbox 778 1629 834 1689; x_wconf 83' lang='grc' dir='ltr'><strong><em>τοῦ</em></strong></span> <span class='ocrx_word' id='word_1_136' title='bbox 861 1624 914 1734; x_wconf 76' lang='grc' dir='ltr'><strong><em>μῆ</em></strong></span> <span class='ocrx_word' id='word_1_137' title='bbox 940 1624 1032 1701; x_wconf 80' lang='grc' dir='ltr'><strong><em>ὄντος</em></strong></span> <span class='ocrx_word' id='word_1_138' title='bbox 1057 1629 1264 1736; x_wconf 78' lang='grc' dir='ltr'><strong><em>παραγωγῆς</em></strong></span> <span class='ocrx_word' id='word_1_139' title='bbox 1292 1629 1368 1695; x_wconf 74' lang='grc' dir='ltr'><strong><em>κνλι</em></strong></span> 
     </span>
     <span class='ocr_line' id='line_1_17' title="bbox 225 1707 1336 1822; baseline 0.001 -44"><span class='ocrx_word' id='word_1_140' title='bbox 225 1711 407 1822; x_wconf 79' lang='grc' dir='ltr'><strong><em>ἀδιάφορον</em></strong></span> <span class='ocrx_word' id='word_1_141' title='bbox 435 1709 580 1802; x_wconf 69' lang='grc' dir='ltr'><strong><em>ἔννοιαν,</em></strong></span> <span class='ocrx_word' id='word_1_142' title='bbox 610 1707 728 1776; x_wconf 44' lang='grc' dir='ltr'><strong><em>καθω</em></strong></span> <span class='ocrx_word' id='word_1_143' title='bbox 708 1738 745 1792; x_wconf 92' lang='grc' dir='ltr'><strong><em>ην</em></strong></span> <span class='ocrx_word' id='word_1_144' title='bbox 768 1709 821 1775; x_wconf 77' lang='grc' dir='ltr'><strong><em>ἕνα</em></strong></span> <span class='ocrx_word' id='word_1_145' title='bbox 844 1717 897 1776; x_wconf 84' lang='grc' dir='ltr'><strong><em>καί</em></strong></span> <span class='ocrx_word' id='word_1_146' title='bbox 920 1711 976 1777; x_wconf 84' lang='grc' dir='ltr'><strong><em>τὸν</em></strong></span> <span class='ocrx_word' id='word_1_147' title='bbox 998 1707 1096 1777; x_wconf 85' lang='grc' dir='ltr'><strong><em>αάτδν</em></strong></span> <span class='ocrx_word' id='word_1_148' title='bbox 1117 1717 1213 1780; x_wconf 81' lang='grc' dir='ltr'><strong><em>πάσα</em></strong></span> <span class='ocrx_word' id='word_1_149' title='bbox 1237 1709 1336 1792; x_wconf 70' lang='lat'>6216·</span> 
     </span>
     <span class='ocr_line' id='line_1_18' title="bbox 226 1786 1336 1907; baseline -0.001 -43"><span class='ocrx_word' id='word_1_150' title='bbox 226 1825 277 1876; x_wconf 88' lang='grc' dir='ltr'><strong><em>σις</em></strong></span> <span class='ocrx_word' id='word_1_151' title='bbox 300 1799 512 1873; x_wconf 75' lang='grc' dir='ltr'><strong><em>ἐπιδέξασθαι</em></strong></span> <span class='ocrx_word' id='word_1_152' title='bbox 535 1792 663 1861; x_wconf 74' lang='grc' dir='ltr'><strong><em>δύναται</em></strong></span> <span class='ocrx_word' id='word_1_153' title='bbox 686 1797 784 1881; x_wconf 90' lang='grc' dir='ltr'><strong><em>λόγον</em></strong></span> <span class='ocrx_word' id='word_1_154' title='bbox 804 1802 965 1873; x_wconf 83' lang='grc' dir='ltr'><strong><em>παντελῶς</em></strong></span> <span class='ocrx_word' id='word_1_155' title='bbox 978 1786 1193 1907; x_wconf 89' lang='grc' dir='ltr'><strong><em>ἀδιάκριτον,</em></strong></span> <span class='ocrx_word' id='word_1_156' title='bbox 1227 1798 1266 1864; x_wconf 83' lang='grc' dir='ltr'><strong><em>τά</em></strong></span> <span class='ocrx_word' id='word_1_157' title='bbox 1290 1794 1336 1907; x_wconf 65' lang='grc' dir='ltr'><strong><em>σίν</em></strong></span> 
     </span>
     <span class='ocr_line' id='line_1_19' title="bbox 225 1878 1337 1996; baseline 0.001 -46"><span class='ocrx_word' id='word_1_158' title='bbox 225 1878 264 1996; x_wconf 66' lang='grc' dir='ltr'><strong><em>ῆν</em></strong></span> <span class='ocrx_word' id='word_1_159' title='bbox 292 1889 350 1949; x_wconf 71' lang='grc' dir='ltr'><strong><em>τοι]</em></strong></span> <span class='ocrx_word' id='word_1_160' title='bbox 379 1878 461 1949; x_wconf 83' lang='grc' dir='ltr'><strong><em>εἶναι</em></strong></span> <span class='ocrx_word' id='word_1_161' title='bbox 492 1883 748 1991; x_wconf 72' lang='grc' dir='ltr'><strong><em>πρεσβύτερονέ</em></strong></span> <span class='ocrx_word' id='word_1_162' title='bbox 748 1883 864 1968; x_wconf 76' lang='grc' dir='ltr'><strong><em>’χουσα</em></strong></span> <span class='ocrx_word' id='word_1_163' title='bbox 933 1882 1043 1947; x_wconf 84' lang='grc' dir='ltr'><strong><em>Πάντα</em></strong></span> <span class='ocrx_word' id='word_1_164' title='bbox 1077 1882 1140 1989; x_wconf 76' lang='grc' dir='ltr'><strong><em>γάρ</em></strong></span> <span class='ocrx_word' id='word_1_165' title='bbox 1174 1883 1257 1950; x_wconf 81' lang='grc' dir='ltr'><strong><em>κστά</em></strong></span> <span class='ocrx_word' id='word_1_166' title='bbox 1291 1883 1337 1951; x_wconf 75' lang='grc' dir='ltr'><strong><em>τόν</em></strong></span> 
     </span>
     <span class='ocr_line' id='line_1_20' title="bbox 226 1966 1338 2082; baseline -0.001 -46"><span class='ocrx_word' id='word_1_167' title='bbox 226 1969 343 2080; x_wconf 74' lang='lat'>66666</span> <span class='ocrx_word' id='word_1_168' title='bbox 359 1969 456 2074; x_wconf 85' lang='grc' dir='ltr'><strong><em>λόγον</em></strong></span> <span class='ocrx_word' id='word_1_169' title='bbox 484 1966 633 2077; x_wconf 73' lang='grc' dir='ltr'><strong><em>ἀλληλοις</em></strong></span> <span class='ocrx_word' id='word_1_170' title='bbox 644 1975 869 2079; x_wconf 85' lang='grc' dir='ltr'><strong><em>συνεμπίπτει</em></strong></span> <span class='ocrx_word' id='word_1_171' title='bbox 898 1966 979 2034; x_wconf 72' lang='grc' dir='ltr'><strong><em>καθ’</em></strong></span> <span class='ocrx_word' id='word_1_172' title='bbox 1002 1966 1112 2036; x_wconf 80' lang='grc' dir='ltr'><strong><em>δτιοῦν</em></strong></span> <span class='ocrx_word' id='word_1_173' title='bbox 1134 1970 1283 2082; x_wconf 85' lang='grc' dir='ltr'><strong><em>πάντως,</em></strong></span> <span class='ocrx_word' id='word_1_174' title='bbox 1315 1971 1338 2037; x_wconf 85' lang='lat'><strong><em>6</em></strong></span> 
     </span>
     <span class='ocr_line' id='line_1_21' title="bbox 225 2050 1338 2166; baseline -0.001 -43"><span class='ocrx_word' id='word_1_175' title='bbox 225 2063 279 2124; x_wconf 81' lang='grc' dir='ltr'><strong><em>καὶ</em></strong></span> <span class='ocrx_word' id='word_1_176' title='bbox 301 2054 343 2139; x_wconf 86' lang='grc' dir='ltr'><strong><em>μῆ</em></strong></span> <span class='ocrx_word' id='word_1_177' title='bbox 369 2055 485 2138; x_wconf 84' lang='grc' dir='ltr'><strong><em>πάντη,</em></strong></span> <span class='ocrx_word' id='word_1_178' title='bbox 518 2055 557 2119; x_wconf 84' lang='grc' dir='ltr'><strong><em>τά</em></strong></span> <span class='ocrx_word' id='word_1_179' title='bbox 577 2054 657 2140; x_wconf 81' lang='grc' dir='ltr'><strong><em>μετὰ</em></strong></span> <span class='ocrx_word' id='word_1_180' title='bbox 680 2053 803 2120; x_wconf 79' lang='grc' dir='ltr'><strong><em>θεδν”</em></strong></span> <span class='ocrx_word' id='word_1_181' title='bbox 783 2081 859 2120; x_wconf 90' lang='grc' dir='ltr'><strong><em>οντα</em></strong></span> <span class='ocrx_word' id='word_1_182' title='bbox 882 2062 935 2121; x_wconf 84' lang='grc' dir='ltr'><strong><em>καί</em></strong></span> <span class='ocrx_word' id='word_1_183' title='bbox 959 2056 992 2121; x_wconf 74' lang='grc' dir='ltr'><strong><em>ἐκ</em></strong></span> <span class='ocrx_word' id='word_1_184' title='bbox 1014 2061 1098 2166; x_wconf 79' lang='grc' dir='ltr'><strong><em>θεοῦ</em></strong></span> <span class='ocrx_word' id='word_1_185' title='bbox 1119 2054 1161 2122; x_wconf 83' lang='grc' dir='ltr'><strong><em>τό</em></strong></span> <span class='ocrx_word' id='word_1_186' title='bbox 1184 2050 1273 2123; x_wconf 76' lang='grc' dir='ltr'><strong><em>εἶναι</em></strong></span> <span class='ocrx_word' id='word_1_187' title='bbox 1294 2055 1338 2123; x_wconf 81' lang='grc' dir='ltr'><strong><em>διδ</em></strong></span> 
     </span>
     <span class='ocr_line' id='line_1_22' title="bbox 225 2139 1339 2256; baseline -0.001 -46"><span class='ocrx_word' id='word_1_188' title='bbox 225 2143 418 2254; x_wconf 77' lang='grc' dir='ltr'><strong><em>χενδσεως</em></strong></span> <span class='ocrx_word' id='word_1_189' title='bbox 407 2140 537 2227; x_wconf 77' lang='grc' dir='ltr'><strong><em>έχοντα,</em></strong></span> <span class='ocrx_word' id='word_1_190' title='bbox 564 2139 711 2250; x_wconf 83' lang='grc' dir='ltr'><strong><em>μηδενὸς</em></strong></span> <span class='ocrx_word' id='word_1_191' title='bbox 742 2141 888 2207; x_wconf 82' lang='grc' dir='ltr'><strong><em>καθόλου</em></strong></span> <span class='ocrx_word' id='word_1_192' title='bbox 919 2147 982 2208; x_wconf 92' lang='grc' dir='ltr'><strong><em>τῶν</em></strong></span> <span class='ocrx_word' id='word_1_193' title='bbox 1015 2141 1133 2221; x_wconf 80' lang='grc' dir='ltr'><strong><em>όντων,</em></strong></span> <span class='ocrx_word' id='word_1_194' title='bbox 1173 2146 1275 2256; x_wconf 69' lang='grc' dir='ltr'><strong><em>μηδὲ</em></strong></span> <span class='ocrx_word' id='word_1_195' title='bbox 1286 2147 1339 2209; x_wconf 88' lang='grc' dir='ltr'><strong><em>τῶν</em></strong></span> 
     </span>
     <span class='ocr_line' id='line_1_23' title="bbox 226 2225 1339 2337; baseline 0.004 -44"><span class='ocrx_word' id='word_1_196' title='bbox 226 2228 306 2315; x_wconf 83' lang='grc' dir='ltr'><strong><em>ἀγαν</em></strong></span> <span class='ocrx_word' id='word_1_197' title='bbox 334 2233 447 2313; x_wconf 85' lang='grc' dir='ltr'><strong><em>τιμίων</em></strong></span> <span class='ocrx_word' id='word_1_198' title='bbox 476 2234 530 2292; x_wconf 81' lang='grc' dir='ltr'><strong><em>καὶ</em></strong></span> <span class='ocrx_word' id='word_1_199' title='bbox 560 2225 818 2311; x_wconf 75' lang='grc' dir='ltr'><strong><em>δπερβεβηκότων</em></strong></span> <span class='ocrx_word' id='word_1_200' title='bbox 846 2232 902 2312; x_wconf 84' lang='grc' dir='ltr'><strong><em>τῆς</em></strong></span> <span class='ocrx_word' id='word_1_201' title='bbox 920 2225 1013 2337; x_wconf 84' lang='grc' dir='ltr'><strong><em>πρός</em></strong></span> <span class='ocrx_word' id='word_1_202' title='bbox 1042 2228 1080 2294; x_wconf 87' lang='grc' dir='ltr'><strong><em>τό</em></strong></span> <span class='ocrx_word' id='word_1_203' title='bbox 1103 2226 1187 2312; x_wconf 84' lang='grc' dir='ltr'><strong><em>ἀγαν</em></strong></span> <span class='ocrx_word' id='word_1_204' title='bbox 1209 2228 1339 2337; x_wconf 75' lang='grc' dir='ltr'><strong><em>ἀσχετρν</em></strong></span> 
     </span>
     <span class='ocr_line' id='line_1_24' title="bbox 210 2311 1338 2424; baseline 0.002 -43"><span class='ocrx_word' id='word_1_205' title='bbox 210 2319 348 2424; x_wconf 76' lang='grc' dir='ltr'><strong><em>’γενικῆς</em></strong></span> <span class='ocrx_word' id='word_1_206' title='bbox 369 2317 525 2424; x_wconf 79' lang='grc' dir='ltr'><strong><em>σχέσεως,</em></strong></span> <span class='ocrx_word' id='word_1_207' title='bbox 538 2313 731 2380; x_wconf 86' lang='grc' dir='ltr'><strong><em>παντάπασι</em></strong></span> <span class='ocrx_word' id='word_1_208' title='bbox 754 2319 896 2399; x_wconf 76' lang='grc' dir='ltr'><strong><em>φυσικῶς</em></strong></span> <span class='ocrx_word' id='word_1_209' title='bbox 912 2311 1167 2424; x_wconf 72' lang='grc' dir='ltr'><strong><em>ἀπολελυμένον,</em></strong></span> <span class='ocrx_word' id='word_1_210' title='bbox 1187 2315 1272 2400; x_wconf 81' lang='grc' dir='ltr'><strong><em>μήτε</em></strong></span> <span class='ocrx_word' id='word_1_211' title='bbox 1286 2314 1338 2422; x_wconf 82' lang='grc' dir='ltr'><strong><em>μῆν</em></strong></span> 
     </span>
     <span class='ocr_line' id='line_1_25' title="bbox 139 2393 1337 2512; baseline 0.001 -45"><span class='ocrx_word' id='word_1_212' title='bbox 139 2475 143 2481; x_wconf 48' lang='grc'><strong><em>,</em></strong></span> <span class='ocrx_word' id='word_1_213' title='bbox 228 2405 285 2469; x_wconf 84' lang='grc' dir='ltr'><strong><em>τοῶ</em></strong></span> <span class='ocrx_word' id='word_1_214' title='bbox 314 2399 347 2466; x_wconf 80' lang='grc' dir='ltr'><strong><em>ἐν</em></strong></span> <span class='ocrx_word' id='word_1_215' title='bbox 373 2411 442 2476; x_wconf 83' lang='grc' dir='ltr'><strong><em>τοῖς</em></strong></span> <span class='ocrx_word' id='word_1_216' title='bbox 465 2393 557 2467; x_wconf 73' lang='grc' dir='ltr'><strong><em>οὖσιν</em></strong></span> <span class='ocrx_word' id='word_1_217' title='bbox 579 2397 777 2509; x_wconf 88' lang='grc' dir='ltr'><strong><em>ἀτιμωτάτου</em></strong></span> <span class='ocrx_word' id='word_1_218' title='bbox 799 2404 857 2480; x_wconf 90' lang='grc' dir='ltr'><strong><em>τῆς</em></strong></span> <span class='ocrx_word' id='word_1_219' title='bbox 874 2426 958 2486; x_wconf 80' lang='grc' dir='ltr'><strong><em>προς</em></strong></span> <span class='ocrx_word' id='word_1_220' title='bbox 980 2427 1018 2465; x_wconf 93' lang='grc' dir='ltr'><strong><em>τα</em></strong></span> <span class='ocrx_word' id='word_1_221' title='bbox 1041 2423 1245 2512; x_wconf 87' lang='grc' dir='ltr'><strong><em>ατιμιωτατοι</em></strong></span> <span class='ocrx_word' id='word_1_222' title='bbox 1268 2428 1337 2470; x_wconf 81' lang='grc' dir='ltr'><strong><em>κατι</em></strong></span> 
     </span>
     <span class='ocr_line' id='line_1_26' title="bbox 229 2482 1337 2600; baseline 0.003 -47"><span class='ocrx_word' id='word_1_223' title='bbox 229 2487 328 2574; x_wconf 79' lang='grc' dir='ltr'><strong><em>φάσιν</em></strong></span> <span class='ocrx_word' id='word_1_224' title='bbox 363 2490 485 2589; x_wconf 80' lang='grc' dir='ltr'><strong><em>γενικῆς</em></strong></span> <span class='ocrx_word' id='word_1_225' title='bbox 517 2490 677 2563; x_wconf 76' lang='grc' dir='ltr'><strong><em>παντελῶς</em></strong></span> <span class='ocrx_word' id='word_1_226' title='bbox 707 2482 1012 2599; x_wconf 81' lang='grc' dir='ltr'><strong><em>ἀπολιμπμνομένου</em></strong></span> <span class='ocrx_word' id='word_1_227' title='bbox 1042 2493 1097 2555; x_wconf 77' lang='grc' dir='ltr'><strong><em>καὶ</em></strong></span> <span class='ocrx_word' id='word_1_228' title='bbox 1128 2483 1337 2600; x_wconf 75' lang='grc' dir='ltr'><strong><em>ἀμοιροάννσς</em></strong></span> 
     </span>
     <span class='ocr_line' id='line_1_27' title="bbox 228 2571 1337 2660; baseline -0.001 -18"><span class='ocrx_word' id='word_1_229' title='bbox 228 2578 376 2660; x_wconf 84' lang='grc' dir='ltr'><strong><em>σχέσεως.</em></strong></span> <span class='ocrx_word' id='word_1_230' title='bbox 389 2572 521 2638; x_wconf 89' lang='grc' dir='ltr'><strong><em>Πάντα</em></strong></span> <span class='ocrx_word' id='word_1_231' title='bbox 543 2571 603 2658; x_wconf 84' lang='grc' dir='ltr'><strong><em>γάρ</em></strong></span> <span class='ocrx_word' id='word_1_232' title='bbox 627 2572 665 2638; x_wconf 82' lang='grc' dir='ltr'><strong><em>τά</em></strong></span> <span class='ocrx_word' id='word_1_233' title='bbox 686 2583 755 2650; x_wconf 85' lang='grc' dir='ltr'><strong><em>ταῖς</em></strong></span> <span class='ocrx_word' id='word_1_234' title='bbox 778 2573 913 2650; x_wconf 79' lang='grc' dir='ltr'><strong><em>οἰκείαις</em></strong></span> <span class='ocrx_word' id='word_1_235' title='bbox 934 2574 1025 2650; x_wconf 83' lang='grc' dir='ltr'><strong><em>ίδίως</em></strong></span> <span class='ocrx_word' id='word_1_236' title='bbox 1046 2579 1229 2659; x_wconf 70' lang='grc' dir='ltr'><strong><em>διαφοραῖς</em></strong></span> <span class='ocrx_word' id='word_1_237' title='bbox 1248 2571 1337 2655; x_wconf 82' lang='grc' dir='ltr'><strong><em>ἀλλῆ·</em></strong></span> 
     </span>
     <span class='ocr_line' id='line_1_28' title="bbox 229 2659 1335 2743; baseline 0.002 -16"><span class='ocrx_word' id='word_1_238' title='bbox 229 2667 292 2727; x_wconf 90' lang='grc' dir='ltr'><strong><em>λων</em></strong></span> <span class='ocrx_word' id='word_1_239' title='bbox 320 2663 566 2743; x_wconf 86' lang='grc' dir='ltr'><strong><em>διακεκριμμένα</em></strong></span> <span class='ocrx_word' id='word_1_240' title='bbox 595 2670 676 2735; x_wconf 78' lang='grc' dir='ltr'><strong><em>ταῖς</em></strong></span> <span class='ocrx_word' id='word_1_241' title='bbox 684 2659 830 2725; x_wconf 82' lang='grc' dir='ltr'><strong><em>καθόλου</em></strong></span> <span class='ocrx_word' id='word_1_242' title='bbox 852 2665 905 2725; x_wconf 81' lang='grc' dir='ltr'><strong><em>καὶ</em></strong></span> <span class='ocrx_word' id='word_1_243' title='bbox 929 2671 1053 2737; x_wconf 80' lang='grc' dir='ltr'><strong><em>κοιναῖς</em></strong></span> <span class='ocrx_word' id='word_1_244' title='bbox 1093 2665 1216 2738; x_wconf 85' lang='grc' dir='ltr'><strong><em>ενικῶς</em></strong></span> <span class='ocrx_word' id='word_1_245' title='bbox 1229 2659 1335 2729; x_wconf 62' lang='grc' dir='ltr'><strong><em>ταάτδ1</em></strong></span> 
     </span>
     <span class='ocr_line' id='line_1_29' title="bbox 229 2741 1338 2858; baseline 0.004 -48"><span class='ocrx_word' id='word_1_246' title='bbox 229 2770 321 2826; x_wconf 88' lang='grc' dir='ltr'><strong><em>τησιν</em></strong></span> <span class='ocrx_word' id='word_1_247' title='bbox 348 2746 496 2824; x_wconf 86' lang='grc' dir='ltr'><strong><em>ῆνωνται,</em></strong></span> <span class='ocrx_word' id='word_1_248' title='bbox 530 2751 583 2810; x_wconf 87' lang='grc' dir='ltr'><strong><em>καί</em></strong></span> <span class='ocrx_word' id='word_1_249' title='bbox 611 2744 693 2833; x_wconf 86' lang='grc' dir='ltr'><strong><em>πρός</em></strong></span> <span class='ocrx_word' id='word_1_250' title='bbox 720 2745 757 2811; x_wconf 87' lang='grc' dir='ltr'><strong><em>τό</em></strong></span> <span class='ocrx_word' id='word_1_251' title='bbox 786 2746 820 2812; x_wconf 75' lang='grc' dir='ltr'><strong><em>ἓν</em></strong></span> <span class='ocrx_word' id='word_1_252' title='bbox 839 2741 903 2811; x_wconf 85' lang='grc' dir='ltr'><strong><em>καὶ</em></strong></span> <span class='ocrx_word' id='word_1_253' title='bbox 924 2743 1039 2812; x_wconf 85' lang='grc' dir='ltr'><strong><em>ταάτδν</em></strong></span> <span class='ocrx_word' id='word_1_254' title='bbox 1061 2746 1213 2828; x_wconf 86' lang='grc' dir='ltr'><strong><em>αλλῆλοις</em></strong></span> <span class='ocrx_word' id='word_1_255' title='bbox 1234 2749 1338 2858; x_wconf 73' lang='grc' dir='ltr'><strong><em>γενινᾷ</em></strong></span> 
     </span>
     <span class='ocr_line' id='line_1_30' title="bbox 231 2827 1337 2944; baseline 0.001 -48"><span class='ocrx_word' id='word_1_256' title='bbox 231 2857 293 2897; x_wconf 91' lang='grc' dir='ltr'><strong><em>τινι</em></strong></span> <span class='ocrx_word' id='word_1_257' title='bbox 321 2831 407 2941; x_wconf 89' lang='grc' dir='ltr'><strong><em>λόγω</em></strong></span> <span class='ocrx_word' id='word_1_258' title='bbox 436 2829 559 2936; x_wconf 82' lang='grc' dir='ltr'><strong><em>φάσεως</em></strong></span> <span class='ocrx_word' id='word_1_259' title='bbox 587 2837 824 2914; x_wconf 79' lang='grc' dir='ltr'><strong><em>συνωθοῦνται,</em></strong></span> <span class='ocrx_word' id='word_1_260' title='bbox 859 2827 931 2898; x_wconf 82' lang='grc' dir='ltr'><strong><em>οἷον</em></strong></span> <span class='ocrx_word' id='word_1_261' title='bbox 952 2832 1078 2944; x_wconf 77' lang='grc' dir='ltr'><strong><em>τὰμὲν</em></strong></span> <span class='ocrx_word' id='word_1_262' title='bbox 1091 2839 1166 2942; x_wconf 86' lang='grc' dir='ltr'><strong><em>γένη</em></strong></span> <span class='ocrx_word' id='word_1_263' title='bbox 1189 2834 1271 2900; x_wconf 85' lang='grc' dir='ltr'><strong><em>κατά</em></strong></span> <span class='ocrx_word' id='word_1_264' title='bbox 1290 2833 1337 2914; x_wconf 82' lang='grc' dir='ltr'><strong><em>τῆν</em></strong></span> 
     </span>
     <span class='ocr_line' id='line_1_31' title="bbox 67 2895 1337 3004; baseline 0.001 -18"><span class='ocrx_word' id='word_1_265' title='bbox 67 2944 117 2987; x_wconf 74' lang='grc' dir='ltr'><strong><em>σοι</em></strong></span> <span class='ocrx_word' id='word_1_266' title='bbox 130 2941 224 2988; x_wconf 77' lang='grc' dir='ltr'><strong><em>νεκιι.</em></strong></span> <span class='ocrx_word' id='word_1_267' title='bbox 233 2914 346 2984; x_wconf 85' lang='grc' dir='ltr'><strong><em>οάσίαν</em></strong></span> <span class='ocrx_word' id='word_1_268' title='bbox 375 2895 560 2996; x_wconf 54' lang='grc' dir='ltr'><strong><em>ἀλλήλους(</em></strong></span> <span class='ocrx_word' id='word_1_269' title='bbox 547 2918 697 3002; x_wconf 83' lang='grc' dir='ltr'><strong><em>ενοόμενα</em></strong></span> <span class='ocrx_word' id='word_1_270' title='bbox 719 2944 755 2983; x_wconf 92' lang='grc' dir='ltr'><strong><em>το</em></strong></span> <span class='ocrx_word' id='word_1_271' title='bbox 745 2915 817 3000; x_wconf 88' lang='grc' dir='ltr'>Ι</span> <span class='ocrx_word' id='word_1_272' title='bbox 801 2941 834 2985; x_wconf 88' lang='grc' dir='ltr'><strong><em>εν</em></strong></span> <span class='ocrx_word' id='word_1_273' title='bbox 856 2918 1013 3004; x_wconf 71' lang='grc' dir='ltr'><strong><em>ἔχεικαὶ</em></strong></span> <span class='ocrx_word' id='word_1_274' title='bbox 1020 2916 1136 2986; x_wconf 84' lang='grc' dir='ltr'><strong><em>ταάτδν</em></strong></span> <span class='ocrx_word' id='word_1_275' title='bbox 1158 2926 1215 2988; x_wconf 77' lang='grc' dir='ltr'><strong><em>καὶ</em></strong></span> <span class='ocrx_word' id='word_1_276' title='bbox 1237 2918 1337 2987; x_wconf 80' lang='grc' dir='ltr'><strong><em>ἀδιοί-</em></strong></span> 
     </span>
     <span class='ocr_line' id='line_1_32' title="bbox 232 3001 1371 3113; baseline 0.002 -44"><span class='ocrx_word' id='word_1_277' title='bbox 232 3022 334 3090; x_wconf 87' lang='grc' dir='ltr'><strong><em>ρετον.</em></strong></span> <span class='ocrx_word' id='word_1_278' title='bbox 389 3001 489 3113; x_wconf 70' lang='lat'>06666</span> <span class='ocrx_word' id='word_1_279' title='bbox 516 3003 576 3091; x_wconf 87' lang='grc' dir='ltr'><strong><em>γάρ</em></strong></span> <span class='ocrx_word' id='word_1_280' title='bbox 606 3008 667 3070; x_wconf 90' lang='grc' dir='ltr'><strong><em>τῶν</em></strong></span> <span class='ocrx_word' id='word_1_281' title='bbox 695 3004 841 3070; x_wconf 84' lang='grc' dir='ltr'><strong><em>καθόλου</em></strong></span> <span class='ocrx_word' id='word_1_282' title='bbox 869 3011 924 3071; x_wconf 81' lang='grc' dir='ltr'><strong><em>καὶ</em></strong></span> <span class='ocrx_word' id='word_1_283' title='bbox 945 3031 1035 3091; x_wconf 87' lang='grc' dir='ltr'><strong><em>περιε</em></strong></span> <span class='ocrx_word' id='word_1_284' title='bbox 1059 3007 1161 3073; x_wconf 90' lang='grc' dir='ltr'><strong><em>όντων</em></strong></span> <span class='ocrx_word' id='word_1_285' title='bbox 1182 3003 1239 3074; x_wconf 79' lang='grc' dir='ltr'><strong><em>νίίὶ</em></strong></span> <span class='ocrx_word' id='word_1_286' title='bbox 1261 3032 1336 3092; x_wconf 84' lang='grc' dir='ltr'><strong><em>γενι·</em></strong></span> <span class='ocrx_word' id='word_1_287' title='bbox 1365 3014 1371 3035; x_wconf 75' lang='grc'><em>’</em></span> 
     </span>
     <span class='ocr_line' id='line_1_33' title="bbox 232 3090 1339 3200; baseline 0.003 -43"><span class='ocrx_word' id='word_1_288' title='bbox 232 3094 296 3157; x_wconf 86' lang='grc' dir='ltr'><strong><em>κῶν</em></strong></span> <span class='ocrx_word' id='word_1_289' title='bbox 324 3098 389 3167; x_wconf 80' lang='grc' dir='ltr'><strong><em>τοῖς</em></strong></span> <span class='ocrx_word' id='word_1_290' title='bbox 418 3090 470 3156; x_wconf 76' lang='grc' dir='ltr'><strong><em>ἐπὶ</em></strong></span> <span class='ocrx_word' id='word_1_291' title='bbox 492 3095 626 3200; x_wconf 88' lang='grc' dir='ltr'><strong><em>με’ρους</em></strong></span> <span class='ocrx_word' id='word_1_292' title='bbox 632 3097 686 3155; x_wconf 83' lang='grc' dir='ltr'><strong><em>καὶ</em></strong></span> <span class='ocrx_word' id='word_1_293' title='bbox 685 3095 947 3199; x_wconf 78' lang='grc' dir='ltr'><strong><em>περιεχομένοις</em></strong></span> <span class='ocrx_word' id='word_1_294' title='bbox 969 3096 1023 3157; x_wconf 83' lang='grc' dir='ltr'><strong><em>καὶ</em></strong></span> <span class='ocrx_word' id='word_1_295' title='bbox 1046 3097 1179 3170; x_wconf 88' lang='grc' dir='ltr'><strong><em>ιδικοις</em></strong></span> <span class='ocrx_word' id='word_1_296' title='bbox 1186 3096 1339 3168; x_wconf 78' lang='grc' dir='ltr'><strong><em>παντελῶς</em></strong></span> 
     </span>
     <span class='ocr_line' id='line_1_34' title="bbox 231 3171 1336 3289; baseline 0.004 -45"><span class='ocrx_word' id='word_1_297' title='bbox 231 3180 481 3286; x_wconf 87' lang='grc' dir='ltr'><strong><em>συνδιαιρείται</em></strong></span> <span class='ocrx_word' id='word_1_298' title='bbox 522 3174 568 3241; x_wconf 87' lang='lat'><strong><em>06</em></strong></span> <span class='ocrx_word' id='word_1_299' title='bbox 589 3175 650 3263; x_wconf 86' lang='grc' dir='ltr'><strong><em>γάρ</em></strong></span> <span class='ocrx_word' id='word_1_300' title='bbox 671 3176 717 3242; x_wconf 76' lang='grc' dir='ltr'><strong><em>ἐτι</em></strong></span> <span class='ocrx_word' id='word_1_301' title='bbox 739 3176 864 3287; x_wconf 87' lang='grc' dir='ltr'><strong><em>γενικόν</em></strong></span> <span class='ocrx_word' id='word_1_302' title='bbox 886 3171 968 3244; x_wconf 79' lang='grc' dir='ltr'><strong><em>εἶναι</em></strong></span> <span class='ocrx_word' id='word_1_303' title='bbox 991 3177 1121 3245; x_wconf 80' lang='grc' dir='ltr'><strong><em>δύναται</em></strong></span> <span class='ocrx_word' id='word_1_304' title='bbox 1144 3178 1182 3245; x_wconf 89' lang='grc' dir='ltr'><strong><em>τδ</em></strong></span> <span class='ocrx_word' id='word_1_305' title='bbox 1203 3179 1269 3289; x_wconf 83' lang='grc' dir='ltr'><strong><em>μῆ</em></strong></span> <span class='ocrx_word' id='word_1_306' title='bbox 1272 3204 1336 3248; x_wconf 67' lang='grc' dir='ltr'><strong><em>συν</em></strong></span> 
     </span>
     <span class='ocr_line' id='line_1_35' title="bbox 231 3260 1372 3374; baseline 0.004 -46"><span class='ocrx_word' id='word_1_307' title='bbox 231 3289 308 3348; x_wconf 86' lang='grc' dir='ltr'><strong><em>αγον</em></strong></span> <span class='ocrx_word' id='word_1_308' title='bbox 338 3289 376 3327; x_wconf 85' lang='grc' dir='ltr'><strong><em>τα</em></strong></span> <span class='ocrx_word' id='word_1_309' title='bbox 406 3266 575 3374; x_wconf 83' lang='grc' dir='ltr'><strong><em>διηρῃμένα</em></strong></span> <span class='ocrx_word' id='word_1_310' title='bbox 605 3267 762 3347; x_wconf 83' lang='grc' dir='ltr'><strong><em>φυσικῶς,</em></strong></span> <span class='ocrx_word' id='word_1_311' title='bbox 803 3260 883 3331; x_wconf 86' lang='grc' dir='ltr'><strong><em>ἀλλά</em></strong></span> <span class='ocrx_word' id='word_1_312' title='bbox 912 3265 1200 3374; x_wconf 78' lang='grc' dir='ltr'><strong><em>συνδιαιρούμενοι</em></strong></span> <span class='ocrx_word' id='word_1_313' title='bbox 1229 3261 1338 3346; x_wconf 73' lang='grc' dir='ltr'><strong><em>σάτοίς,</em></strong></span> <span class='ocrx_word' id='word_1_314' title='bbox 1368 3285 1372 3293; x_wconf 90' lang='grc'><em>“</em></span> 
     </span>
     <span class='ocr_line' id='line_1_36' title="bbox 230 3344 1337 3461; baseline 0.003 -45"><span class='ocrx_word' id='word_1_315' title='bbox 230 3355 285 3416; x_wconf 87' lang='grc' dir='ltr'><strong><em>καὶ</em></strong></span> <span class='ocrx_word' id='word_1_316' title='bbox 312 3344 368 3455; x_wconf 82' lang='grc' dir='ltr'><strong><em>τῆς</em></strong></span> <span class='ocrx_word' id='word_1_317' title='bbox 393 3349 513 3425; x_wconf 78' lang='grc' dir='ltr'><strong><em>οἰκείας</em></strong></span> <span class='ocrx_word' id='word_1_318' title='bbox 541 3348 755 3433; x_wconf 72' lang='grc' dir='ltr'><strong><em>μοναδικῆς“</em></strong></span> <span class='ocrx_word' id='word_1_319' title='bbox 743 3349 888 3429; x_wconf 88' lang='grc' dir='ltr'><strong><em>ενότητος</em></strong></span> <span class='ocrx_word' id='word_1_320' title='bbox 916 3350 1129 3461; x_wconf 74' lang='grc' dir='ltr'><strong><em>ἐξιστάμενον.</em></strong></span> <span class='ocrx_word' id='word_1_321' title='bbox 1189 3357 1266 3418; x_wconf 86' lang='grc' dir='ltr'><strong><em>Πάν</em></strong></span> <span class='ocrx_word' id='word_1_322' title='bbox 1286 3350 1337 3437; x_wconf 73' lang='grc' dir='ltr'><strong><em>γὰρ</em></strong></span> 
     </span>
     <span class='ocr_line' id='line_1_37' title="bbox 163 3431 1339 3556; baseline 0.002 -53"><span class='ocrx_word' id='word_1_323' title='bbox 163 3508 167 3515; x_wconf 56' lang='grc'><strong><em>,</em></strong></span> <span class='ocrx_word' id='word_1_324' title='bbox 229 3433 355 3544; x_wconf 77' lang='grc' dir='ltr'><strong><em>γενικόν</em></strong></span> <span class='ocrx_word' id='word_1_325' title='bbox 383 3431 462 3500; x_wconf 77' lang='grc' dir='ltr'><strong><em>κατὰ</em></strong></span> <span class='ocrx_word' id='word_1_326' title='bbox 492 3433 562 3556; x_wconf 72' lang='grc' dir='ltr'><strong><em>τόν8</em></strong></span> <span class='ocrx_word' id='word_1_327' title='bbox 576 3435 697 3501; x_wconf 84' lang='grc' dir='ltr'><strong><em>οίκείον</em></strong></span> <span class='ocrx_word' id='word_1_328' title='bbox 725 3434 823 3519; x_wconf 90' lang='grc' dir='ltr'><strong><em>λόγον</em></strong></span> <span class='ocrx_word' id='word_1_329' title='bbox 851 3437 929 3502; x_wconf 85' lang='grc' dir='ltr'><strong><em>ὅλον</em></strong></span> <span class='ocrx_word' id='word_1_330' title='bbox 951 3436 1047 3514; x_wconf 83' lang='grc' dir='ltr'><strong><em>δ’λοις</em></strong></span> <span class='ocrx_word' id='word_1_331' title='bbox 1068 3433 1262 3548; x_wconf 77' lang='grc' dir='ltr'><strong><em>ἀδιαιρέτως</em></strong></span> <span class='ocrx_word' id='word_1_332' title='bbox 1280 3448 1339 3512; x_wconf 73' lang='grc' dir='ltr'><strong><em>τοῖς</em></strong></span> 
     </span>
     <span class='ocr_line' id='line_1_38' title="bbox 231 3517 1338 3606; baseline 0.005 -21"><span class='ocrx_word' id='word_1_333' title='bbox 231 3517 282 3585; x_wconf 71' lang='grc' dir='ltr'><strong><em>ἀπ’</em></strong></span> <span class='ocrx_word' id='word_1_334' title='bbox 308 3519 385 3584; x_wconf 82' lang='grc' dir='ltr'><strong><em>αάτδ</em></strong></span> <span class='ocrx_word' id='word_1_335' title='bbox 414 3520 526 3598; x_wconf 78' lang='grc' dir='ltr'><strong><em>ἑνικῶς</em></strong></span> <span class='ocrx_word' id='word_1_336' title='bbox 551 3521 759 3606; x_wconf 75' lang='grc' dir='ltr'><strong><em>8ἐνυπάρχει,</em></strong></span> <span class='ocrx_word' id='word_1_337' title='bbox 787 3527 840 3587; x_wconf 81' lang='grc' dir='ltr'><strong><em>καλ</em></strong></span> <span class='ocrx_word' id='word_1_338' title='bbox 870 3521 907 3588; x_wconf 86' lang='grc' dir='ltr'><strong><em>τό</em></strong></span> <span class='ocrx_word' id='word_1_339' title='bbox 938 3519 1052 3588; x_wconf 48' lang='grc' dir='ltr'><strong><em>καθη</em></strong></span> <span class='ocrx_word' id='word_1_340' title='bbox 1035 3549 1174 3591; x_wconf 87' lang='grc' dir='ltr'><strong><em>εκαστον</em></strong></span> <span class='ocrx_word' id='word_1_341' title='bbox 1196 3525 1279 3592; x_wconf 81' lang='grc' dir='ltr'><strong><em>δ’λον</em></strong></span> <span class='ocrx_word' id='word_1_342' title='bbox 1296 3525 1338 3590; x_wconf 81' lang='grc' dir='ltr'><strong><em>δν·</em></strong></span> 
     </span>
     <span class='ocr_line' id='line_1_39' title="bbox 231 3607 1374 3694; baseline 0.004 -21"><span class='ocrx_word' id='word_1_343' title='bbox 231 3613 402 3692; x_wconf 77' lang='grc' dir='ltr'><strong><em>θεωρεῖται</em></strong></span> <span class='ocrx_word' id='word_1_344' title='bbox 431 3611 593 3689; x_wconf 90' lang='grc' dir='ltr'><strong><em>γενικῶς</em></strong></span> <span class='ocrx_word' id='word_1_345' title='bbox 625 3608 673 3671; x_wconf 84' lang='grc' dir='ltr'><strong><em>Τά</em></strong></span> <span class='ocrx_word' id='word_1_346' title='bbox 704 3611 739 3672; x_wconf 87' lang='lat'><strong><em>66</em></strong></span> <span class='ocrx_word' id='word_1_347' title='bbox 761 3608 827 3687; x_wconf 82' lang='grc' dir='ltr'><strong><em>εἶ’δη</em></strong></span> <span class='ocrx_word' id='word_1_348' title='bbox 850 3607 930 3674; x_wconf 84' lang='grc' dir='ltr'><strong><em>κατά</em></strong></span> <span class='ocrx_word' id='word_1_349' title='bbox 952 3610 1102 3718; x_wconf 78' lang='grc' dir='ltr'><strong><em>τὸγένος</em></strong></span> <span class='ocrx_word' id='word_1_350' title='bbox 1123 3608 1275 3688; x_wconf 83' lang='grc' dir='ltr'><strong><em>ῶςαάτως</em></strong></span> <span class='ocrx_word' id='word_1_351' title='bbox 1293 3613 1338 3690; x_wconf 77' lang='grc' dir='ltr'><strong><em>τῆς</em></strong></span> <span class='ocrx_word' id='word_1_352' title='bbox 1369 3619 1374 3631; x_wconf 89' lang='grc'><strong>’</strong></span> 
     </span>
     <span class='ocr_line' id='line_1_40' title="bbox 232 3691 1337 3807; baseline 0.002 -48"><span class='ocrx_word' id='word_1_353' title='bbox 232 3697 265 3759; x_wconf 76' lang='grc' dir='ltr'><strong><em>ἓν</em></strong></span> <span class='ocrx_word' id='word_1_354' title='bbox 293 3693 328 3784; x_wconf 77' lang='grc' dir='ltr'><strong><em>τῆ</em></strong></span> <span class='ocrx_word' id='word_1_355' title='bbox 358 3696 500 3780; x_wconf 80' lang='grc' dir='ltr'><strong><em>διαφορᾷ</em></strong></span> <span class='ocrx_word' id='word_1_356' title='bbox 528 3699 692 3769; x_wconf 91' lang='grc' dir='ltr'><strong><em>ποικιλίας</em></strong></span> <span class='ocrx_word' id='word_1_357' title='bbox 720 3691 922 3761; x_wconf 81' lang='grc' dir='ltr'><strong><em>ἀπολυθέντα</em></strong></span> <span class='ocrx_word' id='word_1_358' title='bbox 944 3694 1000 3804; x_wconf 72' lang='grc' dir='ltr'><strong><em>τῆν</em></strong></span> <span class='ocrx_word' id='word_1_359' title='bbox 1013 3695 1104 3807; x_wconf 86' lang='grc' dir='ltr'><strong><em>πρός</em></strong></span> <span class='ocrx_word' id='word_1_360' title='bbox 1125 3695 1250 3779; x_wconf 84' lang='grc' dir='ltr'><strong><em>ἀλληλα</em></strong></span> <span class='ocrx_word' id='word_1_361' title='bbox 1272 3692 1337 3763; x_wconf 77' lang='grc' dir='ltr'><strong><em>καί·</em></strong></span> 
     </span>
     <span class='ocr_line' id='line_1_41' title="bbox 232 3757 1338 3894; baseline 0.005 -51"><span class='ocrx_word' id='word_1_362' title='bbox 232 3779 345 3859; x_wconf 90' lang='grc' dir='ltr'><strong><em>τότητα</em></strong></span> <span class='ocrx_word' id='word_1_363' title='bbox 375 3757 660 3864; x_wconf 85' lang='grc' dir='ltr'><strong><em>δέχεται.Τά</em></strong></span> <span class='ocrx_word' id='word_1_364' title='bbox 645 3806 773 3894; x_wconf 86' lang='grc' dir='ltr'><strong><em>ατομα</em></strong></span> <span class='ocrx_word' id='word_1_365' title='bbox 778 3783 813 3845; x_wconf 87' lang='lat'><strong><em>66</em></strong></span> <span class='ocrx_word' id='word_1_366' title='bbox 834 3781 912 3847; x_wconf 85' lang='grc' dir='ltr'><strong><em>κατά</em></strong></span> <span class='ocrx_word' id='word_1_367' title='bbox 931 3780 973 3846; x_wconf 83' lang='grc' dir='ltr'><strong><em>τό</em></strong></span> <span class='ocrx_word' id='word_1_368' title='bbox 996 3775 1139 3860; x_wconf 82' lang='grc' dir='ltr'><strong><em>εἶδος</em></strong></span> <span class='ocrx_word' id='word_1_369' title='bbox 1106 3809 1162 3867; x_wconf 89' lang='grc' dir='ltr'><strong><em>την</em></strong></span> <span class='ocrx_word' id='word_1_370' title='bbox 1184 3784 1270 3890; x_wconf 86' lang='grc' dir='ltr'><strong><em>πρδς</em></strong></span> <span class='ocrx_word' id='word_1_371' title='bbox 1289 3780 1338 3848; x_wconf 83' lang='grc' dir='ltr'><strong><em>ἀλ·</em></strong></span> 
     </span>
     <span class='ocr_line' id='line_1_42' title="bbox 231 3865 1338 3974; baseline 0.005 -43"><span class='ocrx_word' id='word_1_372' title='bbox 231 3869 309 3945; x_wconf 90' lang='grc' dir='ltr'><strong><em>ληλα</em></strong></span> <span class='ocrx_word' id='word_1_373' title='bbox 338 3865 496 3970; x_wconf 84' lang='grc' dir='ltr'><strong><em>δεχόμενα</em></strong></span> <span class='ocrx_word' id='word_1_374' title='bbox 522 3866 724 3974; x_wconf 69' lang='grc' dir='ltr'><strong><em>σόμμασιν</em></strong></span> <span class='ocrx_word' id='word_1_375' title='bbox 708 3893 742 3933; x_wconf 89' lang='grc' dir='ltr'><strong><em>εν</em></strong></span> <span class='ocrx_word' id='word_1_376' title='bbox 769 3872 823 3932; x_wconf 82' lang='grc' dir='ltr'><strong><em>καὶ</em></strong></span> <span class='ocrx_word' id='word_1_377' title='bbox 853 3865 966 3933; x_wconf 88' lang='grc' dir='ltr'><strong><em>ταάτδν</em></strong></span> <span class='ocrx_word' id='word_1_378' title='bbox 989 3865 1143 3949; x_wconf 85' lang='grc' dir='ltr'><strong><em>ἀλλῆλοις</em></strong></span> <span class='ocrx_word' id='word_1_379' title='bbox 1165 3870 1268 3951; x_wconf 83' lang='grc' dir='ltr'><strong><em>πάντη</em></strong></span> <span class='ocrx_word' id='word_1_380' title='bbox 1289 3895 1338 3937; x_wconf 80' lang='grc' dir='ltr'><strong><em>να·</em></strong></span> 
     </span>
     <span class='ocr_line' id='line_1_43' title="bbox 232 3946 1339 4069; baseline 0.004 -53"><span class='ocrx_word' id='word_1_381' title='bbox 232 3954 383 4032; x_wconf 82' lang='grc' dir='ltr'><strong><em>θέστηκε,</em></strong></span> <span class='ocrx_word' id='word_1_382' title='bbox 420 3955 457 4040; x_wconf 81' lang='grc' dir='ltr'><strong><em>τῆ</em></strong></span> <span class='ocrx_word' id='word_1_383' title='bbox 479 3946 624 4038; x_wconf 79' lang='grc' dir='ltr'><strong><em>ὁμοφυΐη</em></strong></span> <span class='ocrx_word' id='word_1_384' title='bbox 645 3949 681 4018; x_wconf 84' lang='grc' dir='ltr'><strong><em>τό</em></strong></span> <span class='ocrx_word' id='word_1_385' title='bbox 706 3952 989 4039; x_wconf 74' lang='grc' dir='ltr'><strong><em>ἀπαράλλακτονῖ</em></strong></span> <span class='ocrx_word' id='word_1_386' title='bbox 963 3979 1086 4039; x_wconf 87' lang='grc' dir='ltr'><strong><em>εχοντοι</em></strong></span> <span class='ocrx_word' id='word_1_387' title='bbox 1108 3961 1165 4022; x_wconf 82' lang='grc' dir='ltr'><strong><em>καὶ</em></strong></span> <span class='ocrx_word' id='word_1_388' title='bbox 1186 3956 1339 4069; x_wconf 68' lang='grc' dir='ltr'><strong><em>διαχοράς</em></strong></span> 
     </span>
     <span class='ocr_line' id='line_1_44' title="bbox 231 4020 1340 4159; baseline 0.01 -60"><span class='ocrx_word' id='word_1_389' title='bbox 231 4037 334 4118; x_wconf 90' lang='grc' dir='ltr'><strong><em>πάσης</em></strong></span> <span class='ocrx_word' id='word_1_390' title='bbox 362 4020 550 4123; x_wconf 76' lang='grc' dir='ltr'><strong><em>ἐλεύθερον.</em></strong></span> <span class='ocrx_word' id='word_1_391' title='bbox 600 4037 649 4103; x_wconf 86' lang='grc' dir='ltr'><strong><em>Τά</em></strong></span> <span class='ocrx_word' id='word_1_392' title='bbox 672 4043 707 4105; x_wconf 86' lang='lat'><strong><em>66</em></strong></span> <span class='ocrx_word' id='word_1_393' title='bbox 729 4040 948 4159; x_wconf 73' lang='grc' dir='ltr'><strong><em>συμβεβηκότα</em></strong></span> <span class='ocrx_word' id='word_1_394' title='bbox 970 4041 1050 4106; x_wconf 82' lang='grc' dir='ltr'><strong><em>κατά</em></strong></span> <span class='ocrx_word' id='word_1_395' title='bbox 1073 4041 1110 4107; x_wconf 83' lang='grc' dir='ltr'><strong><em>τὸ</em></strong></span> <span class='ocrx_word' id='word_1_396' title='bbox 1134 4038 1340 4128; x_wconf 75' lang='grc' dir='ltr'><strong><em>ἀποκείμενον</em></strong></span> 
     </span>
    </p>
   </div>
   <div class='ocr_carea' id='block_1_3' title="bbox 1374 2580 1378 3261">
    <p class='ocr_par' dir='ltr' id='par_1_3' title="bbox 1374 2580 1378 3261">
     <span class='ocr_line' id='line_1_45' title="bbox 1374 2580 1378 3261; baseline 0 0"><span class='ocrx_word' id='word_1_397' title='bbox 1374 2580 1378 3261; x_wconf 95' lang='lat' dir='ltr'><strong><em> </em></strong></span> 
     </span>
    </p>
   </div>
   <div class='ocr_carea' id='block_1_4' title="bbox 238 4191 512 4221">
    <p class='ocr_par' dir='ltr' id='par_1_4' title="bbox 238 4191 512 4221">
     <span class='ocr_line' id='line_1_46' title="bbox 238 4191 512 4221; baseline 0.007 0"><span class='ocrx_word' id='word_1_398' title='bbox 238 4191 512 4221; x_wconf 61' lang='grc'><strong>’“““.“““““’(”””““““’“““</strong></span> 
     </span>
    </p>
   </div>
   <div class='ocr_carea' id='block_1_5' title="bbox 300 4272 1339 4341">
    <p class='ocr_par' dir='ltr' id='par_1_5' title="bbox 300 4272 1339 4341">
     <span class='ocr_line' id='line_1_47' title="bbox 300 4272 1339 4341; baseline 0.011 -19"><span class='ocrx_word' id='word_1_399' title='bbox 300 4274 325 4322; x_wconf 88' lang='lat'><strong><em>7.</em></strong></span> <span class='ocrx_word' id='word_1_400' title='bbox 351 4273 413 4323; x_wconf 85' lang='lat' dir='ltr'>God.</span> <span class='ocrx_word' id='word_1_401' title='bbox 435 4273 501 4326; x_wconf 84' lang='lat' dir='ltr'>Gud.</span> <span class='ocrx_word' id='word_1_402' title='bbox 527 4289 550 4324; x_wconf 82' lang='lat' dir='ltr'>a</span> <span class='ocrx_word' id='word_1_403' title='bbox 572 4291 605 4328; x_wconf 89' lang='lat' dir='ltr'><strong><em>m.</em></strong></span> <span class='ocrx_word' id='word_1_404' title='bbox 626 4292 664 4341; x_wconf 84' lang='lat' dir='ltr'><strong><em>pr</em></strong></span> <span class='ocrx_word' id='word_1_405' title='bbox 691 4277 769 4328; x_wconf 77' lang='lat' dir='ltr'><strong>habet</strong></span> <span class='ocrx_word' id='word_1_406' title='bbox 793 4272 925 4340; x_wconf 69' lang='grc' dir='ltr'><strong><em>ἀπέδειξε.</em></strong></span> <span class='ocrx_word' id='word_1_407' title='bbox 966 4281 1011 4331; x_wconf 88' lang='grc'><strong><em>.8.</em></strong></span> <span class='ocrx_word' id='word_1_408' title='bbox 1037 4282 1065 4330; x_wconf 88' lang='lat' dir='ltr'><strong><em>ln</em></strong></span> <span class='ocrx_word' id='word_1_409' title='bbox 1095 4282 1339 4339; x_wconf 63' lang='lat'>0066116666</span> 
     </span>
    </p>
   </div>
   <div class='ocr_carea' id='block_1_6' title="bbox 158 4337 1336 4475">
    <p class='ocr_par' dir='ltr' id='par_1_6' title="bbox 158 4337 1336 4475">
     <span class='ocr_line' id='line_1_48' title="bbox 158 4337 1336 4458; baseline 0.014 -68"><span class='ocrx_word' id='word_1_410' title='bbox 158 4365 163 4375; x_wconf 93' lang='lat'>·</span> <span class='ocrx_word' id='word_1_411' title='bbox 232 4337 382 4458; x_wconf 75' lang='grc' dir='ltr'><strong><em>ἐνυπάρχει</em></strong></span> <span class='ocrx_word' id='word_1_412' title='bbox 408 4341 661 4410; x_wconf 82' lang='grc' dir='ltr'><strong><em>πραγματειωδῶς,</em></strong></span> <span class='ocrx_word' id='word_1_413' title='bbox 690 4342 738 4397; x_wconf 78' lang='grc' dir='ltr'><strong><em>καὶ</em></strong></span> <span class='ocrx_word' id='word_1_414' title='bbox 761 4344 792 4396; x_wconf 91' lang='grc' dir='ltr'><strong><em>τδ</em></strong></span> <span class='ocrx_word' id='word_1_415' title='bbox 818 4355 878 4400; x_wconf 51' lang='lat' dir='ltr'><strong><em>oen„</em></strong></span> <span class='ocrx_word' id='word_1_416' title='bbox 902 4349 991 4400; x_wconf 78' lang='lat' dir='ltr'>Delevi</span> <span class='ocrx_word' id='word_1_417' title='bbox 1012 4365 1067 4402; x_wconf 81' lang='grc' dir='ltr'><strong><em>νου.</em></strong></span> <span class='ocrx_word' id='word_1_418' title='bbox 1096 4351 1336 4423; x_wconf 75' lang='grc' dir='ltr'><strong><em>πραγματεκνδῶς,</em></strong></span> 
     </span>
     <span class='ocr_line' id='line_1_49' title="bbox 232 4409 660 4475; baseline 0.007 -15"><span class='ocrx_word' id='word_1_419' title='bbox 232 4409 300 4473; x_wconf 86' lang='lat' dir='ltr'><strong>quod</strong></span> <span class='ocrx_word' id='word_1_420' title='bbox 322 4410 454 4475; x_wconf 73' lang='lat' dir='ltr'>glossema</span> <span class='ocrx_word' id='word_1_421' title='bbox 471 4412 574 4464; x_wconf 75' lang='lat' dir='ltr'>videtur</span> <span class='ocrx_word' id='word_1_422' title='bbox 592 4428 660 4463; x_wconf 79' lang='lat' dir='ltr'>esse.</span> 
     </span>
    </p>
   </div>
   <div class='ocr_carea' id='block_1_7' title="bbox 0 0 1388 4778">
    <p class='ocr_par' dir='ltr' id='par_1_7' title="bbox 0 0 1388 4778">
     <span class='ocr_line' id='line_1_50' title="bbox 0 0 1388 4778; baseline 0 0"><span class='ocrx_word' id='word_1_423' title='bbox 0 0 1388 4778; x_wconf 95' lang='lat' dir='ltr'><strong><em> </em></strong></span> 
     </span>
    </p>
   </div>
  </div>
 </body>
</html>
