2752 4778
231 226 302 298 398
623 221 628 228 ’
1349 37 1366 377 Ι

228 405 475 488 ἐπικαλούμενον
506 407 679 484 δέξασθαι,
706 403 824 484 μικρόν
854 423 922 467 τινα
953 407 1017 469 τῶν
1051 403 1109 468 ἐπὶ
1145 409 1186 495 τῆ
1209 411 1281 490 θεία
1299 412 1333 473 ιιλ
1360 420 1366 459 λ

228 489 382 577 ἅφριίσιηι
400 488 630 596 συγκατοβιίσει
649 496 830 597 μυστηρίων
847 488 988 597 ἔμφασιν
1011 471 1274 599 παρεδήλωσεν
1294 491 1335 557 ''A-

227 585 346 660 βυσσος
375 575 434 680 γὰρ
464 581 515 641 καὶ
540 571 558 639 ό
581 578 632 653 τῆς
654 572 797 684 μβόσσοο
821 572 919 648 τόπος
942 570 1130 659 όμωνόμως
1155 573 1334 687 όνομιίζιτιιι

228 664 327 737 τόπος
344 665 433 726 66
397 688 449 742 της
467 666 561 736 θείας
579 667 713 768 σοφίας,
736 686 754 724 ο
742 655 926 771 “καθαρ,ός
935 664 1125 740 καθέστηκε
1150 667 1237 739 νοός.
1269 655 1335 768 Ἀρι

228 752 319 815 θέσει
343 745 396 813 διό
419 745 454 811 τό
485 745 626 812 δεκτικόν
655 743 797 856 ἄβυσσος
825 752 879 811 καί
909 741 928 812 6
959 750 1035 823 νοός
1067 747 1336 833 προςαγορεόετιιι,

68 856 115 898 οτι
127 850 186 894 ενοι
201 856 219 895 ι.
228 839 281 901 καὶ
304 831 320 912 6
340 842 345 918 Ι
366 839 467 918 σοφία
489 831 586 897 πόλιν
607 830 643 897 τό
667 829 744 896 6616
769 829 822 896 διοὶ
846 829 899 911 τὴν
922 831 1021 916 φύσιν
1040 834 1306 919 κατονομάζεται.

221 988 325 1080 ’Ἁλλη
354 984 496 1082 θεωρία
523 990 571 1070 είς
597 985 639 1060 τὸ
667 988 770 1060 αὐτό.

335 1116 426 1183 Καθ’
459 1118 566 1204 ἕτερον
596 1125 630 1185 66
653 1119 688 1185 τό
713 1127 923 1225 προκείμενον
944 1120 1073 1209 δίπορον
1097 1127 1336 1197 διασκοποῦντες

228 1206 348 1315 τρόπον
371 1209 407 1295 τίη
427 1211 564 1292 βοηθείιι
588 1210 640 1285 τῆς
663 1212 755 1282 θείας
776 1206 909 1315 χάριτος
931 1214 1180 1292 στοχαστικιέἱς,
1209 1206 1273 1274 οἷλλ
1293 1207 1365 1274 οίο

228 1273 451 1374 α’ποφοντικοῖς
471 1291 519 1370 (ιδ
542 1296 600 1373 μὲν
621 1291 708 1379 γιλργ
697 1297 844 1376 μέτριον,
867 1319 902 1358 το
893 1292 956 1358 66
975 1297 1177 1403 προπετὲς),
1201 1296 1335 1381 ἐγχειρεῖν

227 1383 271 1464 τῷ
292 1381 496 1486 προκειμένῳ
525 1375 619 1482 ῥητῷ
635 1382 820 1486 τολμιόηιιει,
854 1378 1118 1489 μόσκοντες
1063 1378 1122 1460 τῆν
1154 1386 1219 1446 τιῦν
1246 1387 1334 1490 μέσον

228 1464 322 1547 τυχόν
343 1461 519 1547 προβολὴν,
543 1459 620 1528 κατὰ
645 1463 681 1528 τό
705 1407 820 1529 λσον
800 1490 863 1528 οπο
889 1491 948 1530 τωι
970 1465 1079 1548 ιὀιρων
1103 1465 1249 1572 ἔχουσαν
1266 1463 1333 1530 όπί·

227 1575 357 1630 στασιν,
384 1555 532 1656 παίγνιοι
545 1549 712 1656 εἰρῆσθαι
738 1555 818 1615 θεοί
839 1576 882 1614 τιυ
870 1549 1036 1656 μεγάλῳ
1055 1553 1265 1642 διδασκάλῳ,
1291 1552 1330 1615 διδ

228 1635 280 1715 την
313 1631 481 1742 ἐπίῤῥρτοι
517 1629 620 1699 αότῶν
653 1643 704 1702 καλ
737 1615 946 1702 εόαλλοίωτον
975 1637 1109 1714 στάσιν,
1149 1603 1331 1720 μᾶλλονδὲ,

228 1721 418 1827 στιίσιμον
406 1717 514 1784 όεῦσιν
535 1722 637 1786 εἰπεῖν
660 1722 865 1802 οἶκειότερον.
900 1718 943 1785 ”O
961 1729 1013 1788 καὶ
1036 1719 1248 1836 παράδοξον,
1269 1748 1331 1790 στιι·

228 1832 279 1872 σιι
301 1803 349 1869 δεῖ
372 1801 507 1889 ῥέουσαν
529 1813 582 1871 καὶ
606 1811 780 1894 φερομένην
803 1812 964 1885 θεᾶσθαι,
988 1814 1041 1874 καὶ
1065 1805 1185 1894 ῥεῦσιν
1207 1808 1330 1887 ἀεικίνη-

228 1918 282 1957 τον
310 1896 526 1975 προνοητικῶς
554 1898 606 1972 τῆς
634 1898 694 1959 τῶν
704 1895 994 2003 οἰκονομουμένων
1018 1894 1126 1960 ἔτεκεν
1149 1894 1331 1979 βελτιώσεως

227 1978 349 2043 θεόθεν
378 1976 630 2062 έπινετοημένην,
661 1981 732 2056 τοὺς
762 1977 801 2044 δ”ι
825 1976 917 2058 αότῆς
938 1983 1267 2088 παιδαγωγουμένοις
1286 2005 1330 2046 σο·

228 2073 320 2150 φίσαι
355 2067 539 2149 δυναμένην,
555 2063 718 2175 ἀλλαχοῦ
749 2064 1006 2175 μεταστήσεσθοι
1036 2066 1169 2144 πάντως
1198 2069 1329 2144 ἐλπίζειν,

227 2156 279 2216 καὶ
302 2153 401 2232 πέρας
423 2155 480 2214 τοί
501 2176 559 2215 κατ
588 2148 683 2230 αότῆν
706 2150 752 2217 ὲπ
775 2148 884 2228 οότοῖς
904 2160 1079 2257 μυστηρίου
1102 2159 1144 2245 τῆ
1167 2151 1244 2240 τρός
1265 2150 1329 2217 θεόν

227 2235 326 2302 νεόσει
368 2242 504 2318 βεβαίως
541 2235 594 2341 616
633 2242 685 2316 τῆς
722 2239 854 2323 χάριτος
892 2223 1132 2349 θεωθησεσθμι
1172 2239 1326 2306 πιστεύειν

229 2326 325 2388 Μέσα
356 2326 390 2386 66
422 2325 500 2404 λέγω
526 2319 581 2402 την
603 2349 663 2388 των
687 2321 855 2408 δρωμένων
877 2330 931 2388 καὶ
953 2328 1007 2388 νίν
1029 2332 1103 2410 περὶ
1132 2325 1188 2391 τόν
1212 2325 1326 2407 ι’ίνθριι·

227 2434 289 2473 πον
312 2407 412 2473 όντων
434 2405 508 2487 666
493 2403 580 2484 νοῖς
603 2405 620 2474 6
639 2408 817 2519 ιίυθριμπρς
839 2409 1141 2520 συμπλήρωσιν,”
1116 2437 1203 2499 οκριι
1233 2408 1313 2476 66
1287 2434 1326 2489 την

228 2499 288 2560 τῶν
307 2493 349 2598 μη
375 2498 574 2602 μαινομένων
595 2501 648 2560 καὶ
670 2503 744 2583 περὶ
767 2494 822 2560 τόν
844 2494 1020 2607 ἄιθρωπρν
1034 2494 1189 2606 ἅψευιλοῖς
1204 2469 1324 2564 έσεσθόι

227 2577 448 2691 μελλόντων
434 2578 626 2691 ρπόστασιν,
655 2608 716 2646 τωι
745 2588 857 2665 κυρίως
886 2607 916 2646 τε
944 2588 997 2647 καλ
1025 2579 1159 2662 ἀληθῶς
1186 2583 1265 2649 κατὰ
1283 2579 1325 2646 τόν

227 2663 364 2778 δι’ῤῥητον
394 2672 446 2731 καὶ
474 2666 713 2751 προηγούμενον
741 2666 863 2734 σκοπόν
892 2675 924 2732 τε
954 2673 1007 2733 καὶ
1035 2668 1136 2752 λόγον
1167 2675 1222 2750 τῆς
1248 2675 1326 2742 θείας

228 2750 428 2862 δγοθότητος
449 2757 667 2861 πεποιημένων
689 2780 721 2819 τε
743 2761 796 2818 καλ
818 2759 1032 2838 γεγενημένων.
1091 2751 1258 2833 Κοθως”
1242 2782 1259 2821 ο
1280 2778 1324 2820 σο·

148 2836 337 2946 ,666
317 2836 556 2950 '6366666066663
573 2839 709 2947 μεγάλῳ
741 2865 772 2905 τε
801 2846 854 2905 καὶ
884 2843 988 2948 τρονῷ
1010 2835 1116 2926 ψυχῆς
1136 2838 1314 2927 όμμοτι”
1279 2864 1325 2904 ται

229 2927 398 3010 ορωμένων
425 2948 456 2988 τε
485 2929 538 2988 καὶ
566 2921 702 3034 ῥεόντων
731 2923 912 3035 ιλπερκόψμς
940 2926 994 3004 τὴν
1020 2931 1163 3010 γένεσιτ,
1193 2934 1248 2994 καὶ
1269 2919 1325 2990 οἷον

229 3010 262 3074 έν
290 3015 450 3115 φαντασία
480 3014 541 3074 τῶν
568 3007 696 3090 ἀληθῶς
723 3015 946 3116 πεποιημένων
975 3036 1007 3076 τε
1041 3019 1095 3077 καὶ
1132 3017 1326 3099 γεγενημένον

228 3094 411 3180 γενόμενος,
444 3100 487 3160 Τί
507 3096 543 3162 τό
565 3102 831 3208 γεγενημένρνια
811 3093 946 3163 αδτό
912 3123 948 3163 το
971 3097 1207 3204 γενησόμενον·
1237 3105 1286 3164 καῖ
1304 3101 1327 3160 τί

228 3182 264 3248 τό
288 3185 516 3292 666016666063⁸
549 3181 644 3264 6616,
672 3191 766 3269 φησί,
798 3184 834 3250 τό
858 3182 1139 3293 ποιηθησόμενον·
1171 3191 1234 3251 τῶν
1253 3183 1324 3269 πριό-

228 3294 288 3333 των
317 3267 435 3376 δηλαδῆ
463 3275 516 3333 καὶ
540 3269 601 3335 τῶν
622 3276 806 3335 τελευταιιον
828 3270 1054 3352 ἐπιμνησθείς,
1089 3267 1134 3347 ολς
1156 3297 1219 3338 των
1240 3268 1326 3335 οίτολι

229 3353 328 3420 όντων
357 3360 409 3418 κολ
439 3351 617 3463 ἄληθρλς”
596 3381 711 3437 οντων,
742 3360 803 3420 τῶν
832 3360 866 3420 66
887 3359 994 3439 μέσων
1015 3361 1070 3421 κοιλ
1070 3360 1327 3466 παρερχομένων

228 3436 368 3516 οόιλόλως
396 3438 474 3503 κατὰ
504 3438 560 3506 τόν
587 3441 688 3508 τόπον
709 3448 872 3546 μνησθείς
925 3440 1018 3506 Μετδ
1040 3441 1103 3551 γὰρ
1128 3442 1167 3509 τό
1190 3443 1326 3520 ἐξελθεῖν,

65 3539 112 3580 ⁰⁰³
128 3521 250 3581 1²⁰³·‘t
213 3551 271 3602 ·ως
300 3520 405 3590 οἷόντε
433 3518 470 3604 66
496 3532 706 3637 μεγαλοφυιός
730 3532 736 3608 1
761 3527 901 3611 μα’λιστα
929 3527 985 3592 τόν
1013 3527 1228 3603 διδάσκαλον,
1256 3531 1327 3638 περί

228 3637 313 3687 τινος
347 3609 471 3695 φύσεως
506 3611 592 3688 ζολων
627 3619 681 3678 καλ
716 3618 856 3722 λίθεοι,
874 3618 927 3676 καὶ
963 3609 1072 3690 όπλως
1107 3615 1214 3681 εἰπεῖν
1248 3611 1325 3696 δορί·

228 3723 308 3774 στως
337 3703 410 3780 περὶ
440 3702 568 3763 πολλῶν
590 3702 650 3763 τῶν
674 3698 706 3762 ἐν
729 3710 796 3774 τοῖς
819 3690 889 3763 οιλσι
913 3703 1164 3781 θεωρουμένων,
1198 3701 1324 3784 ἐπιφέρει

228 3783 369 3864 τοότοις,
407 3787 519 3861 Παίζει
553 3782 611 3868 γὰρ
642 3784 739 3889 λόγος
772 3783 866 3889 μίπός
899 3783 932 3847 66
961 3785 1060 3850 εἴδεσι
1091 3791 1324 3852 παντοδαποῖσι

39 3948 41 3951 .
231 3873 351 3981 Κρίνας
379 3866 421 3945 ὡς
457 3870 581 3936 1ίθέλει
610 3868 733 3954 κόσμον
767 3867 820 3935 ε’όν
849 3870 930 3935 ἔνθα
962 3875 1016 3934 καὶ
1046 3871 1140 3936 ἔνθα
1207 3871 1325 3951 Μῆποτε

64 3988 120 4034 σοι,
134 3987 178 4025 ιιι
188 3988 219 4026 οι.
230 3982 286 4021 ουν
313 3956 424 4046 κοθολς
452 3952 546 4032 αδτός
576 3955 608 4021 έν
630 3961 675 4043 τῷ
701 3961 754 4065 τρῖς
781 3953 873 4039 ἁγίας
896 3961 1115 4037 Πεντεκοστῆς
1144 3955 1231 4066 λόγῳ
1252 3960 1325 4042 φησί

64 4038 220 4140 666666
230 4051 303 4126 περὶ
323 4028 491 4122 θεότητος
525 4021 663 4118 διεξιολν
678 4048 731 4108 καλ
762 4045 886 4120 κτιστῆς
915 4039 1055 4124 φόσεως,
1086 4043 1209 4121 Ἕως
1197 4044 1325 4125 εκιίτεροι

64 4147 111 4180 επ
129 4141 143 4181 ¹
171 4141 219 4190 ⁰6
231 4128 283 4193 ἐπὶ
311 4133 363 4207 τῆς
392 4129 475 4204 ἰδίας
501 4131 604 4211 μένει,
637 4129 673 4193 τό
700 4133 759 4233 μὲι
786 4131 963 4230 περιωπῆς,
997 4126 1034 4193 τό
1057 4133 1094 4194 66
1114 4130 1366 4203 ταπεινότατοι

64 4191 94 4232 εδ.
109 4192 179 4232 Βεοεδ.
234 4211 251 4238 >ae

227 4213 360 4296 ἄμικτος
387 4210 404 4293 6
435 4211 598 4318 οἷγαθότης
626 4219 678 4278 καὶ
702 4210 737 4279 τό
767 4210 1047 4297 μιλδνθρωπον’
1027 4215 1259 4298 ακοινιόυητον,
1285 4216 1324 4282 καί
1363 4238 1366 4347 Ι

297 4384 320 4432 1.
341 4381 384 4432 Sic
403 4384 461 4436 οοδ
482 4383 547 4434 Gud.
568 4383 592 4433 h.
610 4383 625 4436 λ
1223 4457 1228 4466 ι
1357 4391 1366 4725 ρ
