2768 4784
179 303 181 307 ,
216 217 298 299 100

222 408 288 513 ροῖ)
309 400 388 512 μετὰ
411 402 507 464 ταῦτα
531 397 633 463 πάντα
656 402 766 483 φωνῆς
783 402 890 476 τῆςν
857 396 890 461 ἐν
910 388 1094 507 βδλθεδςῑ
1080 400 1198 482 υπῆρχε
1218 402 1330 479 λειττης

222 488 322 598 αῦρας
349 485 552 595 αἰσθόμενος
572 474 625 564 τῆν
648 487 802 594 προφορᾷ
824 464 928 590 λόγον’)
944 487 997 547 καὶ
1021 482 1156 568 τρόποις
1175 489 1265 567 βίον
1274 488 1326 551 καλ

221 573 317 654 ἤθεσι
340 577 454 637 θείαν·
457 577 510 636 καί
533 567 695 678 άτάραχον
717 575 770 634 καί
793 567 950 655 εἰρηνικὴν
972 573 1026 633 καὶ
1048 573 1210 679 παντελῶς
1231 568 1330 637 άῦλοτ

58 681 107 722 τοι
122 675 214 723 1..1131
221 665 275 725 καὶ
299 655 401 738 άπλῦν
423 664 476 723 καὶ
498 655 617 763 566569
638 656 742 731 εἴδοις
764 653 937 762 ἐλευθέραν
957 659 1009 719 καὶ
1032 651 1195 738 σχήματος
1211 670 1217 741 Ι
1231 654 1331 723 κακοῦ*

220 767 351 824 στασιν,
379 736 581 855 λεχθῆναι
563 770 578 821 η
610 745 776 825 δειχθηναι
798 739 840 848 μῆ
863 740 1051 852 δυναμένην,
1080 744 1246 847 μυστικῶς
1255 740 1331 809 '⁶666

221 829 370 896 δάσκετο
421 833 471 904 Ης
493 833 704 939 καταπλαγείς
727 853 758 890 τε
782 825 835 906 τῆν
858 825 1029 903 δόξανκαὶ
1052 853 1095 914 τῳ
1080 826 1236 894 ”κάλλει
1248 842 1331 938 5005*

221 922 308 998 θεὶς,
330 940 385 979 του
371 896 588 994 ’λαιῆς
557 939 637 978 ειναι
657 912 693 977 τδ
714 910 797 1016 πρδς
812 908 907 992 αῦτην
924 894 1005 1019 εἶναι
1024 891 1148 996 μάλλον
1166 910 1331 1022 ποθήσας,

222 1006 362 1067 τουτέστι
391 1004 448 1065 τοῦ
476 998 554 1084 ῦπέρ
577 996 732 1077 άληθείας
735 996 917 1109 μάχεσθαι
941 996 977 1063 ιδ
999 997 1079 1106 μετά
1101 1003 1154 1109 659
1175 995 1332 1079 άληθείας

221 1083 261 1150 δι’
285 1085 362 1154 ὅλου
385 1090 552 1170 γενέσθαι,
590 1090 643 1160 καὶ
664 1088 767 1193 565665
784 1091 999 1190 6566566566505
1021 1080 1102 1194 δρῦν
1123 1083 1142 1165 5
1163 1086 1332 1167 γινώσκειν

221 1176 266 1261 τῷ
285 1172 388 1257 μόνον
410 1171 466 1237 τδν
484 1170 565 1236 θεὸν
588 1170 667 1235 ὅλον
689 1167 728 1281 65²
753 1169 831 1235 ὅλου
854 1170 888 1234 έν
909 1174 1009 1235 πᾶσιν
1032 1168 1109 1235 ὄντα
1130 1171 1330 1282 έπίστρισθοι

220 1237 332 1346 πδλλρῦ
354 1257 541 1363 τιμιώτερον
562 1263 689 1362 κρίνας,
712 1255 758 1321 έτι
781 1253 830 1365 65
848 1255 995 1363 έλσαρκὶ
1014 1253 1331 1365 55696615565652

220 1368 286 1451 χων
314 1323 520 1448 φυλάττεται,
549 1337 678 1429 θείῳ’
660 1345 780 1424 αρετοῦν
808 1341 932 1447 ἅρματι
949 1340 1003 1420 την
1013 1343 1108 1450 6655
1121 1342 1331 1452 διαπεράσας,

221 1455 264 1505 ως
290 1429 503 1539 προκάλυμμα
531 1431 583 1505 τῆς
612 1431 759 1536 καθρρῦις
789 1431 845 1492 τοῦ
873 1432 932 1578 506
959 1427 1042 1514 πρδς
1070 1426 1108 1495 τά
1120 1428 1232 1537 νοητά
1245 1431 1330 1495 ’δλιι11

220 1513 360 1597 βάσεως,
381 1521 434 1580 καὶ
454 1518 505 1594 τῆς
523 1512 643 1622 σαρκὸς
659 1512 695 1579 τδ
714 1516 810 1598 νέφος
827 1511 863 1578 ιδ
882 1512 1074 1579 ἐπισκοτοῦν
1090 1521 1136 1625 τῷ
1191 1516 1332 1623 6066265‘

222 1604 274 1678 τῆς
295 1605 427 1710 ψυχῆς
419 1599 473 1665 διὰ
494 1602 555 1663 τῶν
577 1595 671 1678 αῦτῆς
692 1597 944 1707 παθημάτριν,“
932 1626 983 1664 ινα
1006 1606 1059 1708 566
1065 1598 1238 1750 ἒαῦτδςν
1220 1531 1331 1667 νέπο-

222 1690 323 1765 θησεν
344 1684 488 1793 6595665
499 1680 644 1791 655665
664 1688 802 1792 μέτοχος
823 1688 965 1798 56555aae‚
1000 1681 1043 1762 οῦς
1065 1684 1197 1797 6565165
1216 1691 1271 1775 τοῦ
1277 1684 1331 1753 ἔτι

220 1770 299 1880 μετὰ
329 1770 449 1858 σαρκδς
477 1774 530 1876 τῆς
556 1765 617 1835 ῦπδ
641 1769 790 1880 ρθορδιν,
819 1778 872 1836 καί
896 1767 984 1855 ἧμῖν
988 1771 1079 1882 τάχα
1096 1777 1163 1838 τοῦν
1179 1752 1332 1883 55555661·

220 1862 323 1964 μένων
343 1863 459 1940 βεβαία
481 1859 605 1940 γένηται
619 1864 788 1964 πίστωσις.
835 1861 941 1922 Τοῦτο
960 1856 1021 1944 γάρ
1039 1855 1127 1946 αῦτρῦ
1142 1864 1195 1924 καὶ
1213 1885 1233 1924 ο
1220 1854 1332 1935 θεδς

221 1938 390 2008 ῦπετίθετο
420 1941 473 2007 διδ
501 1945 561 2005 τῶν
576 1941 667 2050 οῦτμ
681 1942 847 2052 μυστικοῖς
869 1946 1274 2053 δεδραματουργημένιρν
1251 1941 1331 2009 άλα·

220 2027 320 2108 λη’τως
345 2027 448 2140 βορῖι,
479 2026 529 2093 ὅτι
552 2026 671 2103 παντὸς
692 2026 791 2093 άλλου
814 2025 943 2111 άγαθοῦ
966 2055 1001 2094 το
1023 2057 1101 2114 μετα
1124 2035 1206 2096 θεοῦ
1226 2028 1332 2143 μόνον

126 2172 131 2179 ,
222 2113 336 2179 διά
299 2141 352 2194 της
373 2112 497 2201 εἰρήνης
519 2105 601 2178 εἶναι
624 2117 890 2200 λυσιτελέστερον.

226 2257 417 2365 Θεωρία’
388 2289 437 2343 εις
452 2259 518 2336 τὸν
529 2260 757 2398 Ἐλισσαῖον,
784 2263 852 2336 τὸν
870 2262 988 2338 αὐτου
973 2265 1214 2361 μαθητήν.

327 2375 474 2454 Οῦταις
457 2404 474 2443 ο
498 2379 611 2445 τοῦτου
632 2379 777 2489 μρθητὴς
795 2409 847 2446 και
838 2381 1065 2493 κληρονόμος
1081 2385 1139 2448 τοῦ
1153 2382 1332 2495 πνεύματος

217 2460 399 2541 Ελισσαῖος
425 2469 535 2576 μηκέτι
565 2477 631 2541 ταῖς
658 2463 781 2542 ῦλικαίς
802 2475 1003 2578 φαντασίαις
1016 2469 1167 2554 ἐχομένην
1177 2467 1283 2561 6265·
1291 2466 1331 2536 δι’

222 2548 434 2654 ἐνεργείας
402 2575 455 2630 την
477 2551 695 2630 αἶ’σθησιν,“
672 2578 727 2659 αρε
746 2557 960 2637 διαβαθεῖσαν
981 2552 1038 2635 565
1061 2564 1130 2631 ταῖς
1150 2552 1248 2621 κατδ
1253 2552 1331 2623 νοῦν

222 2635 278 2699 τοῦ
306 2633 484 2717 πνεύματος
510 2634 641 2745 χάρισι,
675 2638 729 2714 τάς
759 2648 827 2715 ταῖς
855 2652 1010 2726 πονηραῖς
1031 2637 1218 2718 ἀντιθέτους
1238 2640 1333 2721 θείας

222 2719 370 2826 δυνάμεις
396 2726 469 2805 περὶ
499 2719 596 2787 αῦτδν
622 2721 721 2800 οῦσας
742 2721 781 2831 65'
804 2723 900 2806 ἄλλης
922 2724 1073 2812 δμμάτων
1094 2722 1319 2812 ένεργέίας’
1271 2756 1332 2795 ατ·

222 2803 276 2879 τός
298 2830 330 2869 τε
353 2801 438 2891 ὁρῶν
456 2812 509 2870 καὶ
529 2811 573 2895 τοῦ
590 2815 725 2901 μοιτητῇ
741 2809 777 2875 τὰ
799 2807 879 2894 δρῦν
894 2813 1104 2923 χαριζόμεχος
1121 2809 1332 2923 ἰσχυροτέρου

58 2904 108 2946 111
121 2900 212 2946 1111·
207 2893 275 2969 τῆς
291 2885 510 2967 ἀσθενείας
478 2917 532 3000 155
550 2871 701 3002 δυ’ναμμ,
724 2899 804 2979 λέγω
823 2896 917 2976 65
880 2923 933 2978 της
945 2910 948 2977 Ι
962 2897 1101 2984 σαρκδς,
1128 2895 1243 2986 περί“
1221 2926 1259 2979 ην
1275 2896 1332 2995 ,³6⁶

221 2976 428 3084 πονηρίας
394 3003 430 3041 τα
450 2975 613 3086 πνεύματα
632 2981 688 3089 165
707 2982 892 3092 διορατρκδν
910 2989 985 3051 νοῦν
1003 2985 1209 3069 ἐνεδρεύουσι,
1232 2982 1331 3053 πλέδν

221 3059 305 3166 ἔχειν
333 3060 387 3141 τὴν
415 3065 536 3175 ψυχὴν,
564 3071 638 3151 περὶ
667 3063 704 3171 55
726 3073 788 3133 τιῦν
806 3066 949 3177 άγγέλων
971 3098 1005 3135 αι
999 3071 1234 3184 ίμάλαγγες
1207 3097 1329 3157 παρεμ-

218 3146 410 3253 βάλλουσιν,
447 3175 519 3215 οιον
547 3150 716 3233 βασιλικην
745 3151 854 3220 είκάνα
882 3169 1145 3243 περιϊσταμενοι,
1179 3162 1257 3223 καὶ·
1253 3157 1330 3223 έδι-

219 3233 354 3300 δάσκετο
377 3240 431 3299 καὶ
454 3235 627 3302 ἐδίδασκεν.

124 3368 365 3467 υΘιαιρία
381 3368 483 3450 εἰς
443 3398 512 3463 την
523 3371 663 3445 ’Ἁνναν
677 3369 740 3444 καί
755 3371 821 3446 τὸν
839 3373 1033 3469 Σαμουηλ

324 3485 414 3571 (λῦτω
444 3494 498 3551 καὶ
527 3485 555 3597 5
572 3490 736 3600 μακαρία
734 3487 874 3555 '‘'Avva
859 3518 875 3569 5
899 3496 956 3556 τοῦ
971 3491 1115 3599 μεγάλου
1135 3495 1237 3581 μήτηρ
1246 3497 1328 3562 Σα·

217 3562 341 3654 μουῆλ,
374 3582 482 3659 στείρα
517 3566 597 3639 οῦσα
631 3581 684 3640 καί
714 3573 859 3656 άτεκνος,
894 3576 981 3662 παρά
1009 3583 1068 3644 τοῦ
1093 3585 1176 3645 θεοῦ
1201 3582 1329 3692 καρπδχ

218 3656 409 3762 αἰτησαμένη
439 3664 580 3737 κοιλίας,
616 3666 669 3726 καί
699 3657 886 3728 άντιδαίσειν
916 3670 970 3728 καὶ
999 3661 1261 3775 ἀντιχαρίζεσθαι
1287 3669 1327 3734 κδ

219 3741 442 3826 δοθησόμενον
469 3749 514 3808 τοῦ
541 3745 663 3811 διδόντι
686 3754 740 3811 καὶ
761 3749 960 3832 χαριζομένοι
982 3754 1052 3838 θεοῦ
1074 3751 1126 3816 διά
1150 3759 1205 3831 τῆς
1226 3752 1261 3818 δν
1278 3759 1328 3861 r5

219 3831 285 3914 ναῷ
314 3809 517 3935 προςεδρείάς
538 3828 705 3940 6655555
690 3839 925 3940 νποσχομένη,
955 3814 1085 3902 δίδασκε
1105 3843 1267 3946 μυστικάς
1287 3839 1325 3905 κδ

217 3915 284 3975 δεῖν
301 3918 417 3980 πάσαν
427 3913 536 4025 55555
548 3913 669 4024 560565
686 3925 845 4002 σαρκικῶν
862 3920 1103 4026 στειρειίουσαν,
1125 3922 1178 3988 διδ
1197 3931 1261 4004 τῆς·
1268 3931 1327 3992 τοῦ

216 3999 313 4074 θεοῦ,
344 4003 406 4064 τιῦν
433 3997 553 4084 δρειιῦν
577 4001 620 4067 τοὶ
643 4006 872 4108 σπέρματρ,”
859 4031 911 4070 ινα
934 4003 970 4070 τδ
992 4011 1122 4089 βλέπειν
1143 4035 1180 4074 τα
1171 4007 1326 4120 έμπρο·

215 4084 297 4145 σθεν
323 4091 502 4164 γναστικοῦς
530 4088 701 4199 δυνάμενον
723 4087 808 4155 κατά
838 4091 985 4157 διάνοιαν
1014 4093 1264 4178 συλλαβοῦσα
1247 4097 1326 4178 υπῆ-

214 4190 293 4231 κοον
320 4172 377 4276 τοῦ
406 4176 488 4238 θεοῦ
515 4172 614 4284 λόχον
642 4181 696 4240 καὶ
718 4179 853 4241 τεκοῦσα
875 4182 1086 4288 προςενέγιιαιε
1103 4185 1241 4290 δυνηθῇ,
1269 4183 1324 4249 διδ

214 4254 267 4330 τῆς
293 4253 372 4317 κατά
395 4255 450 4335 τὴν
470 4263 576 4323 θειο’
561 4284 613 4326 ιαν
635 4257 783 4344 εῦσεβοῦς
804 4262 1086 4373 προςεδρείας,ε
1061 4291 1105 4343 ως
1124 4271 1206 4351 μέγα
1227 4272 1325 4379 χρέος

211 4343 266 4410 καὶ
286 4343 409 4422 τίμιον,
428 4346 568 4424 μηδέν’
540 4284 669 4412 6605
650 4347 735 4430 ἔχειν
753 4353 924 4433 κρίνουσα,
948 4349 1024 4425 υῦςτε
1045 4352 1203 4427 δείξαι
1168 4377 1224 4419 τον
1242 4353 1324 4421 θεδν
