2752 4778
1187 151 1236 230 'ld

133 349 199 409 rios
228 343 327 404 tuisse
348 345 381 403 et
400 345 473 404 ante
493 339 622 402 saecula
644 352 719 416 erga
740 355 798 400 nos
821 339 966 414 optimam
988 338 1037 398 dci
1057 338 1244 401 voluntatem

133 446 195 493 uon
218 425 431 505 accipiendam
452 442 507 504 per
530 426 665 501 aliquam
687 426 871 495 novitatem,
900 425 1070 486 secundum
1092 427 1244 502 propriam

134 532 207 579 aero
236 516 403 586 rationem,
433 515 464 573 in
492 511 713 589 plenitudinem
743 512 826 572 venit
853 527 908 586 per
929 511 1023 571 alium
1043 511 1178 588 prolecto
1197 513 1246 573 in·

135 603 308 665 traductum
336 600 551 661 mirabiliorem
581 598 716 658 modum.
741 594 743 599 ’
772 595 938 671 Oportebat
959 598 1041 657 enim
1064 597 1155 659 deum
1179 599 1244 673 qui·

136 689 204 753 dem
227 688 361 768 (sibimet
384 685 502 746 similes
524 701 581 746 nos
603 683 784 757 facientem,
813 681 964 744 habentes
990 685 1131 744 bonitatis
1148 685 1245 759 ipsius

136 772 356 853 participaliter
376 778 468 834 acuta
489 771 639 848 insignia,
670 770 753 829 etin
777 784 812 827 se
834 773 907 829 ante
930 769 1059 830 saecuta
1080 771 1245 843 videntem,

137 866 167 923 at
193 862 226 921 in
258 859 343 920 bunc
369 860 495 919 omnino
529 856 743 917 beatissimum
778 855 868 915 finem
903 855 1085 928 ducentem,
1116 857 1245 918 modum

138 948 224 1009 nobis
253 961 310 1022 per
332 947 444 1005 bonum
466 960 559 1006 usum
583 942 772 1002 naturalibus
794 943 939 1017 potentiis
962 943 1159 1020 largientem3
1190 941 1248 1004 ho·

137 1034 217 1097 nilne
248 1047 320 1092 vero
348 1031 520 1092 voluntarie
542 1028 626 1088 bunc
648 1029 773 1088 modurn
796 1026 968 1103 expellente
989 1044 1044 1104 per
1066 1029 1246 1089 abusionem

138 1118 326 1181 muralibus
347 1115 524 1193 potentiis),
560 1119 595 1174 ut
617 1130 679 1173 non
701 1113 795 1191 longa
817 1128 835 1172 a
859 1112 917 1173 deo
939 1115 1024 1174 fieret
1046 1116 1246 1192 peregrinans

137 1206 244 1280 tomo,
282 1204 376 1265 alium
409 1203 603 1262 introducere
635 1202 726 1275 priori
755 1200 969 1260 mirabiliorem
999 1207 1030 1261 et
1058 1200 1245 1276 diviniorem,

138 1296 283 1367 quantum
312 1305 350 1350 eo
380 1289 462 1365 quod
490 1292 540 1356 est
569 1287 740 1347 secundum
769 1290 912 1347 naturam
937 1287 1020 1363 quod
1042 1303 1134 1363 super
1157 1293 1246 1349 natu·

138 1393 199 1439 rem
223 1382 273 1439 est
294 1375 446 1452 superius.
499 1373 537 1433 Et
557 1373 617 1433 boc
640 1378 687 1432 est
710 1373 936 1433 secretissimae
959 1373 1007 1433 dei
1032 1373 1071 1433 ad
1091 1372 1245 1435 bominem

138 1461 407 1541 peregrinationis,
445 1465 593 1534 quantum
621 1474 728 1518 omnes
758 1458 929 1533 credimus,
959 1459 1146 1535 mysterium.
1198 1457 1247 1534 ,Si

139 1550 245 1623 enim‘,
284 1549 383 1623 inquit
412 1547 533 1606 divinus
556 1545 733 1620 apostolus,
773 1545 920 1620 ,primum
942 1548 1160 1606 testamentum
1183 1561 1248 1607 ma·

140 1641 222 1697 noret
248 1634 539 1702 incontaminatum,
573 1648 635 1691 non
667 1636 864 1706 quaereretur
893 1632 1020 1692 secundi
1042 1632 1152 1692 locus}
1195 1631 1248 1693 ut-

141 1723 216 1783 enim
240 1721 383 1781 omnibus
404 1717 598 1795 praeclarum
622 1721 686 1791 est,
712 1717 863 1791 quomodo
885 1719 915 1776 in
938 1719 1058 1778 Christo
1080 1719 1193 1778 lartum
1215 1719 1247 1779 in

141 1808 195 1869 ine
230 1806 347 1868 saeculi
382 1806 577 1881 mysterium,
614 1806 680 1863 sine
715 1804 806 1863 dublo
835 1805 865 1863 in
895 1805 1042 1881 principio
1073 1804 1195 1865 saeculi·
1215 1806 1247 1864 in

140 1895 232 1972 primo
261 1897 387 1968 parente
416 1891 687 1966 praevaricationis
718 1895 766 1949 est
794 1892 973 1965 approbatio
999 1896 1029 1950 et
1051 1907 1248 1953 consumma·

140 1981 185 2041 llo.
243 1978 359 2040 Utiliter
381 1993 456 2055 ergo
478 1976 593 2036 dictum
616 1981 664 2036 est
686 1993 705 2036 a
728 1977 877 2053 magistro
901 1977 1029 2051 ,partis‘
1054 1995 1115 2037 vox
1137 1994 1248 2038 secun-

142 2064 207 2127 dum
230 2064 368 2125 redditos
390 2063 514 2134 modos,
537 2067 568 2122 et
589 2063 691 2122 omnis
713 2064 866 2139 ingenuus
890 2067 918 2121 et
942 2064 1074 2123 animam
1099 2071 1130 2124 et
1151 2080 1248 2125 mem-

142 2152 259 2213 brorum
292 2150 434 2220 modum,
473 2150 623 2224 acceperit
657 2149 702 2208 sic
734 2148 846 2207 dictam
880 2165 1001 2225 vocem,
1046 2148 1160 2211 nullam
1189 2151 1248 2219 sibi

143 2238 358 2319 cogitationum
386 2236 551 2309 nequitiam
573 2233 720 2308 aderens,
751 2235 853 2294 sciens
882 2235 914 2294 id
935 2236 1036 2311 ipsum
1059 2251 1129 2295 esse
1152 2253 1248 2296 mem·

142 2325 224 2386 tmm
246 2327 279 2385 et
300 2327 419 2399 partem
440 2322 471 2380 in
495 2321 617 2382 talibus.
674 2319 707 2380 Si
729 2322 808 2380 enim
832 2322 930 2396 portio
953 2323 1087 2396 corporis
1110 2322 1249 2383 subsistit

144 2412 324 2480 membrum,
352 2408 450 2485 portio
474 2413 577 2468 autem
599 2407 630 2467 id
652 2407 753 2482 ipsum
775 2411 824 2466 est
845 2413 876 2466 et
898 2424 986 2482 pars,
1017 2408 1048 2467 id
1070 2411 1170 2483 ipsum
1193 2410 1250 2470 ita·

144 2512 197 2572 que
225 2496 397 2557 membrum
428 2498 459 2553 et
486 2510 558 2569 pars
588 2497 645 2552 est.
698 2491 731 2552 Si
759 2499 862 2553 autem
891 2495 922 2553 id
949 2496 1050 2569 ipsum
1080 2497 1248 2556 membrum

145 2588 186 2643 ert
212 2587 246 2644 et
274 2597 366 2657 pars,
397 2580 603 2640 membrorum
632 2595 704 2640 varo
733 2579 897 2640 cumulatio
927 2584 957 2640 et
980 2582 1160 2656 compositio
1181 2597 1250 2643 cor-

144 2686 195 2745 pus
224 2669 297 2729 lacit
325 2668 521 2744 organicum,
558 2681 668 2742 corpus
699 2671 803 2725 autern
831 2668 1010 2744 organicum
1039 2670 1160 2729 animae
1181 2669 1250 2728 uni-

145 2760 202 2817 tum
230 2752 430 2815 intellectuali
461 2750 616 2812 hominem
646 2751 812 2826 perrectum
842 2752 992 2839 ostendit,
1020 2753 1111 2830 igitur
1131 2760 1248 2832 partem

145 2840 270 2902 bominis
306 2840 358 2914 qui
392 2837 464 2898 dicit
499 2853 569 2897 esse
604 2839 738 2897 animam
766 2854 823 2898 seu
853 2856 964 2914 corpus
994 2855 1052 2900 seu
1080 2843 1249 2903 membrum

146 2928 223 2999 aius,
252 2942 273 2988 a
300 2925 429 2987 veritate
458 2939 520 2982 non
551 2924 713 2985 aberrabit.
768 2922 800 2983 Si
822 2931 923 2986 autem
944 2925 1159 2989 intellectualis
1183 2930 1249 2989 ani·

145 3029 221 3085 nae,
250 3016 358 3089 utpote
386 3010 535 3083 bominis,
567 3011 708 3070 subsistit
738 3025 850 3086 corpus
880 3027 1047 3088 organum,
1075 3029 1129 3089 per
1150 3020 1248 3076 totum

144 3114 209 3161 reto
237 3114 351 3174 corpus
376 3101 442 3158 iota
470 3095 601 3172 implens
624 3097 727 3156 anima
749 3097 852 3156 vivere
875 3097 902 3156 ei
925 3103 956 3157 et
978 3102 1092 3158 moveri
1114 3100 1182 3172 dat,
1215 3105 1249 3161 ut

144 3184 248 3263 simpla
285 3200 340 3260 per
372 3189 514 3243 naturam
543 3187 574 3242 et
601 3180 819 3259 incorporalis,
858 3199 918 3243 non
950 3183 1169 3260 condispertita
1196 3192 1249 3247 aut

144 3271 286 3333 conclusa
314 3270 345 3329 in
373 3284 425 3340 eo,
460 3269 516 3328 sed
546 3269 602 3328 toti
629 3274 661 3328 et
687 3269 851 3343 unicuique
880 3271 1084 3330 membrorum
1114 3273 1180 3332 eius
1204 3273 1249 3334 sic

143 3357 298 3419 consuevit
325 3370 394 3417 eam
426 3355 582 3431 suscipere
611 3355 696 3415 iuxta
724 3354 902 3415 naturaliter
924 3357 1093 3417 subiectam
1116 3359 1173 3418 sibi
1197 3373 1248 3419 uc-

143 3445 288 3521 ocptivam
319 3441 508 3518 operationis
537 3441 656 3501 animae
684 3441 825 3502 virtutem
852 3447 916 3502 tota
937 3458 1087 3518 praesens
1110 3443 1249 3505 differen-

142 3534 274 3591 lorcam
297 3528 476 3603 accipientia
498 3528 636 3587 membra
657 3527 921 3602 proportionaliter
943 3529 982 3589 ad
1002 3531 1247 3592 observationem

111 3628 114 3637 ·
141 3632 229 3677 unum
261 3615 328 3674 lieri
357 3629 468 3688 corpus
498 3612 653 3692 adiungit3
689 3614 895 3674 introductum
925 3620 972 3676 est
994 3616 1026 3674 in
1049 3632 1195 3695 magnum
1218 3623 1248 3679 et

140 3700 288 3764 ineffabile
310 3699 549 3760 Christianorum
578 3700 688 3759 beatae
718 3701 784 3776 spei
806 3703 999 3777 mysterium,
1031 3709 1061 3763 et
1089 3705 1192 3779 parvis
1216 3710 1248 3764 et

142 3785 309 3850 meandum
339 3802 411 3860 nos,
446 3800 577 3861 magnas
607 3791 639 3845 et
665 3803 759 3862 supra
788 3803 846 3847 nos
870 3805 931 3848 non
954 3788 1072 3848 alienas
1095 3790 1246 3866 accipiens

141 3872 368 3948 similtiudlnes,
401 3871 450 3946 qui
480 3872 612 3946 quietam
642 3876 673 3931 et
701 3873 779 3933 bene
806 3873 927 3933 facilem
949 3874 988 3934 de
1010 3875 1122 3935 talibus
1144 3876 1247 3937 adbuc

142 3959 367 4038 intelligentiam
397 3959 519 4019 creavit.
571 3957 614 4016 Ac
643 3957 681 4017 de
710 3959 785 4032 boc,
815 3960 898 4034 quod
926 3961 1047 4021 animae
1077 3968 1149 4024 ante
1180 3978 1247 4024 cor·

142 4063 212 4122 pora
239 4045 412 4107 subsistant
440 4043 677 4105 irrationabilem
707 4045 883 4120 opinionem
911 4046 1102 4121 relinquens,
1142 4050 1246 4111 nobia-

113 4148 207 4231 ⁵cum
236 4129 341 4193 credat
363 4130 486 4192 domino
508 4129 621 4191 dicenti
642 4131 680 4190 de
703 4130 752 4190 his
775 4131 826 4205 qui
849 4133 878 4190 in
903 4135 1155 4196 resurrectionem
1178 4152 1246 4196 sur·

146 4327 181 4383 db.
198 4325 253 4397 ἄρα
271 4315 323 4381 οὖν
341 4328 382 4382 ad.
401 4327 456 4379 dal.
