2752 4778
1171 218 1245 303 tat

119 402 333 468 differentiam
362 405 564 481 constitutus,
599 411 629 466 et
657 409 746 484 quasi
776 412 995 472 conterminum
1019 425 1089 471 sese
1111 412 1246 490 interpo-

119 493 313 557 nensluter
334 490 426 552 deum
450 498 481 553 et
501 493 715 553 universorum
739 508 817 569 quaa
839 502 911 572 post
937 497 1029 557 deum
1051 502 1138 572 sunt,
1168 515 1245 574 quo·

119 594 199 643 rum
222 578 301 645 altar
319 580 527 655 supereminet
546 586 577 639 et
591 581 724 640 intactus
746 586 870 642 aeterne
889 589 1007 657 manet,
1032 599 1131 660 neque
1148 585 1244 645 ullum

119 666 181 745 qul
211 681 249 727 se
278 669 461 747 assequatur
484 671 536 727 aut
557 667 688 743 attingat
710 667 896 747 intellectum
919 669 1028 745 babet,
1057 671 1153 732 altera
1176 672 1246 732 reli·

119 754 180 815 eta
207 757 286 814 aunt
313 757 346 814 et
374 752 516 813 mentalis
545 753 728 831 cognitionis
764 758 982 831 exsuperantia
1013 762 1176 837 superata,
1213 764 1244 817 et

119 843 236 903 moute
257 839 400 900 inieriora
424 840 505 915 visa,
538 855 607 900 cum
631 839 701 914 quid
726 843 866 916 superius
890 844 934 902 eis
958 844 997 902 sit
1018 843 1142 903 tirmiter
1162 849 1244 904 esset

119 942 165 989 tac
188 941 261 987 vere
283 924 485 1001 intellectum,
509 925 652 986 -baec
675 925 747 984 mibi
771 928 917 1006 magister
938 945 993 1005 per
1014 930 1113 990 visum
1138 936 1167 989 ot
1188 947 1243 990 na-

119 1012 386 1095 turalem-legem
416 1012 584 1073 secundum
613 1013 762 1072 rationem
791 1014 939 1075 redditam
965 1015 1152 1093 significare,
1181 1033 1243 1077 non

120 1114 205 1162 vero
234 1104 269 1159 ut
297 1099 419 1175 quidam
449 1100 720 1174 existimaverunt,
757 1118 812 1178 pro
840 1117 904 1161 uno
934 1108 964 1162 et
993 1101 1100 1162 eodem
1129 1119 1243 1179 ponere

120 1186 233 1249 visum
261 1190 300 1247 et·
320 1184 420 1265 legem
450 1184 628 1246 naturalem.
685 1185 815 1261 Uterque
843 1189 924 1248 enim
947 1189 1028 1247 circa
1051 1188 1158 1248 eadem
1181 1191 1241 1249 vim

123 1288 222 1335 suam
251 1287 400 1334 exercens
429 1271 581 1347 quomo'do
611 1273 650 1331 ab
679 1272 775 1332 altero
804 1272 920 1333 differat
950 1274 1112 1351 cogitando
1140 1281 1243 1351 potest

120 1359 263 1439 percipi,
293 1374 362 1419 eum
392 1357 469 1418 alter
497 1358 710 1418 irrationaliter
737 1352 898 1419 visibilium
926 1365 1014 1433 tactu¹
1033 1360 1131 1421 solum
1154 1362 1242 1421 nisus

120 1446 261 1509 ulterius
284 1444 426 1523 progredi
450 1461 510 1505 non
533 1446 648 1520 possit,
686 1443 782 1504 altera
804 1450 834 1506 et
855 1447 971 1507 ratione
993 1448 1078 1506 socia
1097 1447 1242 1509 adiuncta

124 1532 167 1595 de
192 1534 240 1593 eis
261 1531 422 1611 diligenter
443 1532 565 1606 inquirit
587 1537 617 1591 et
639 1535 741 1590 ruente
763 1532 842 1591 hene
865 1537 956 1609 atque
977 1533 1142 1609 prudenter
1159 1539 1243 1594 tran-

124 1619 266 1694 scendit,
295 1632 357 1695 quo
386 1618 519 1678 maxime
548 1617 761 1695 cogitationem
785 1625 814 1678 et
836 1618 926 1679 tidem
950 1620 989 1679 de
1011 1619 1060 1680 dei
1082 1622 1244 1681 existentia

125 1704 280 1787 naturalis
308 1721 364 1781 per
392 1704 491 1764 visum
521 1704 572 1765 lex
601 1704 776 1763 insinuavit.
832 1705 936 1766 Visum
966 1707 1058 1784 igitur
1077 1707 1245 1784 appellavit

126 1807 257 1855 sensum
290 1790 482 1866 simpliciter,
524 1805 584 1851 non
619 1790 721 1864 aliquo
755 1792 863 1862 modo,
904 1793 1058 1852 sensibilia
1090 1800 1244 1870 petentem

127 1879 347 1961 (nequeenim
370 1893 484 1938 sensus
507 1875 661 1952 peculiare
683 1881 732 1936 est
750 1878 925 1953 simpliciter
947 1878 1058 1954 aliquid
1082 1896 1121 1940 ex
1142 1881 1245 1954 aliquo

128 1964 214 2049 aliud
244 1964 417 2043 colligere),
449 1968 479 2023 et
500 1963 601 2041 legem
625 1962 796 2024 naturalem
822 1966 880 2025 vim
904 1964 1074 2025 naturalem
1098 1983 1177 2042 quae
1198 1968 1245 2025 in·

128 2050 344 2117 tellectuallter
367 2066 404 2111 ac
426 2050 613 2110 rationaliter
635 2065 689 2124 per
711 2067 836 2111 sensum
860 2052 928 2125 liat,
958 2051 1128 2112 secundum
1151 2066 1243 2128 quam

128 2156 148 2201 a
177 2138 282 2216 peiore
310 2137 343 2198 at
370 2137 500 2197 idoneae
528 2136 745 2211 explorationis
776 2153 834 2214 ope
865 2137 904 2196 ad
937 2137 1046 2197 melius
1081 2155 1242 2199 ascensus.

127 2223 326 2287 lmmobiliter
352 2238 426 2284 vero
451 2223 573 2305 ,unoveri
603 2222 733 2298 ferrique
763 2239 800 2282 ea
830 2239 909 2297 quae
932 2224 1073 2285 videntur
1095 2227 1242 2303 magister

129 2312 205 2374 dicit
234 2328 273 2373 ea
302 2326 363 2388 qua
385 2309 468 2371 lacta
491 2316 563 2371 sunt
584 2309 717 2381 ratione,
749 2308 919 2370 secundum
942 2316 1082 2371 naturam
1105 2316 1135 2372 et
1156 2317 1243 2388 pote-

129 2402 243 2461 statem
265 2400 297 2458 et
318 2397 488 2474 actionem,
519 2395 656 2457 ordinem
679 2402 771 2471 atque
793 2399 1072 2474 perseverantiam,
1102 2400 1244 2459 immuta·

129 2485 204 2549 bilia
233 2486 328 2556 esse,¹
356 2489 385 2545 et
414 2499 473 2544 non
503 2483 566 2543 ullo
595 2483 686 2542 modo
715 2482 753 2542 de
778 2484 906 2551 naturali
928 2485 1112 2561 proprietate
1134 2485 1243 2546 cedere

130 2566 305 2646 mutarique
326 2572 357 2629 in
381 2570 508 2631 altemm
531 2570 562 2629 et
581 2571 784 2645 commisceri,
816 2587 853 2630 ac
876 2572 989 2631 moveri
1011 2588 1117 2632 narsus
1140 2572 1242 2633 tluxus

131 2664 163 2721 et
192 2658 334 2719 defluxus
363 2657 498 2731 ratione,
527 2657 715 2716 incremento
745 2663 775 2716 et
797 2657 1007 2731 decremento,
1038 2674 1098 2733 quo
1122 2659 1244 2733 quanti-

130 2750 198 2821 tas,
229 2751 260 2806 et
281 2744 507 2814 immutatione,
537 2757 595 2818 qua
618 2743 749 2817 qualitas
772 2744 916 2817 allicitur,
947 2749 977 2805 et
998 2749 1032 2804 ut
1053 2748 1175 2823 proprie
1197 2747 1243 2806 di-

129 2848 219 2909 cem,
254 2830 378 2892 alterius
412 2847 452 2891 ex
484 2829 580 2891 altero
614 2831 811 2890 successione
843 2847 880 2890 ac
909 2831 1135 2907 vicissitudine,
1170 2832 1242 2894 dum

129 2918 298 2995 anticipata
326 2932 447 2993 semper
475 2917 589 2976 cedunt
619 2917 663 2975 eis
692 2932 771 2992 quae
794 2918 1031 2992 subsequuntur.
1087 2920 1188 2995 Atque
1210 2924 1244 2979 ut

121 3006 239 3085 paucis
271 3003 448 3079 absolvam,
486 3003 630 3063 universa
661 3017 740 3078 quae
771 3008 858 3080 sunt,
893 3004 1063 3065 secundum
1093 3007 1243 3066 rationem

130 3107 192 3171 qua
222 3092 388 3152 extiterunt
415 3106 451 3150 ac
480 3094 569 3163 suut,
602 3089 688 3150 firma
717 3090 840 3153 omuino
870 3096 942 3151 sunt
965 3093 995 3150 et
1016 3092 1157 3167 immota,
1188 3091 1241 3152 sed

128 3179 250 3241 ratione
271 3193 376 3239 eorum
399 3190 480 3252 quae
502 3176 582 3236 circu
605 3177 673 3251 ipsa
696 3177 951 3254 contemplamur,
981 3192 1041 3252 qua
1063 3179 1245 3238 universita-

128 3266 169 3327 tia
190 3263 284 3325 butus
307 3263 470 3324 manifesto
493 3265 614 3322 constat
635 3264 813 3323 oeconomia
832 3269 863 3324 et
881 3263 1065 3334 absolvitur,
1086 3266 1243 3336 universa,

128 3356 165 3415 ut
194 3355 340 3427 apparet,
371 3352 526 3411 motantur
555 3355 585 3408 et
612 3350 828 3423 inquietantur.
880 3349 942 3410 Nec
971 3355 1075 3409 tamen
1098 3352 1243 3426 impeturn

129 3444 162 3503 et
182 3439 346 3499 motionem
370 3436 451 3517 idem
473 3434 647 3513 significare
670 3441 820 3497 statuunt.
863 3436 1024 3497 Mationem
1045 3437 1124 3496 enirn
1144 3439 1242 3515 inagis

129 3524 268 3586 tribuunt
297 3525 343 3583 eis
373 3536 453 3598 quae
475 3522 662 3601 generationi
687 3523 847 3582 subiacent
870 3529 899 3583 et
921 3524 1072 3598 interitui,
1107 3529 1140 3585 ut
1163 3539 1244 3599 quae

130 3613 178 3674 ala
205 3610 287 3687 quae
314 3611 395 3671 circa
422 3610 489 3685 ipsa
517 3609 720 3670 observantur
748 3610 883 3687 augendi
905 3608 1122 3685 minuendique
1146 3612 1244 3672 notio-

129 3714 201 3760 nem
231 3696 395 3759 admittunt
419 3696 550 3773 (etiamsi
581 3694 618 3754 de
641 3697 758 3756 cunctis
782 3697 892 3757 creatis
915 3698 1034 3773 proprie
1056 3697 1115 3756 dici
1136 3696 1165 3755 id
1189 3714 1244 3772 po-

129 3786 221 3865 test),
256 3783 401 3859 impetum
428 3797 501 3842 vero
529 3782 722 3842 substantiae
752 3798 821 3842 esse
850 3782 956 3843 volunt
985 3783 1097 3843 circulo
1121 3799 1192 3843 sese
1214 3786 1244 3842 et

128 3870 284 3933 indefesse
306 3868 527 3931 commoventis
549 3870 742 3930 rotationem.
785 3867 896 3929 Nescio
918 3874 1017 3929 utrum
1042 3869 1080 3929 de
1098 3869 1244 3930 universo

129 3956 235 4041 dicere
265 3956 387 4018 conanti
418 3954 597 4016 naturaliter
626 3955 746 4032 operari
774 3954 803 4014 id
833 3959 932 4015 tutum
964 3956 1020 4028 sit,
1054 3972 1091 4016 an
1115 3956 1243 4028 incitari,

130 4045 191 4106 nist
225 4043 306 4120 quod
339 4043 406 4104 eius
439 4043 490 4118 qui
522 4042 665 4102 incitatur
697 4041 851 4118 peculiare
884 4040 1045 4102 dicendum
1080 4046 1128 4102 est
1163 4041 1242 4102 terri.

128 4128 222 4192 Nulla
243 4130 325 4191 enlm
347 4144 414 4200 res,
446 4142 649 4205 quaecunque
675 4129 826 4201 existunt,
860 4128 928 4207 ipsu
956 4144 1010 4204 per
1037 4144 1072 4188 se
1101 4134 1244 4204 operatur

130 4216 274 4289 omnino,
295 4216 376 4291 'qula
405 4231 462 4275 nec
492 4230 588 4274 causa
612 4218 710 4289 caret3
747 4214 827 4290 quod
852 4231 922 4275 vero
945 4231 1040 4275 causa
1064 4230 1124 4274 non
1148 4220 1241 4287 caret,

130 4302 162 4363 id
191 4302 316 4363 omnino
345 4318 400 4378 per
430 4316 557 4362 causam
587 4307 742 4377 movetur,
776 4301 859 4363 unde
889 4305 1015 4378 apparet
1044 4301 1124 4375 quod
1146 4299 1244 4362 causa

130 4389 273 4450 incitatur
308 4388 348 4448 ad
382 4403 418 4448 se
446 4388 703 4450 commovendum
731 4389 910 4449 naturaliter·
937 4388 975 4448 ad
1005 4401 1097 4464 quam
1125 4391 1156 4449 et
1183 4402 1244 4462 quo
