2768 4784
217 165 266 239 ⁹0

216 348 272 416 τόν
294 353 329 416 δε
351 353 427 414 νοῦν
448 353 502 429 τῆς
522 355 596 436 περὶ
619 347 656 413 τό
679 347 757 413 όντα
777 347 880 455 πρίυτα
902 349 1053 456 ιιινῆσεφς
1067 346 1266 501 καθαρφῦς’
1242 374 1330 415 αντε·

216 439 353 502 λυθέντα
380 441 434 501 καὶ
463 431 558 514 αῦτῆς
585 439 638 514 τῆς
666 429 749 500 καθ
777 429 880 499 αῦτόν
904 441 1039 546 φυσικῆς
1067 435 1228 544 ἐνεργείας
1255 432 1330 520 ἦρε·

214 527 338 603 μοῦντα
360 526 405 608 τῷ
426 525 495 609 θεῷ
516 528 803 631 πρφςιιομίσαντες,
838 526 906 585 καθ
944 549 982 588 ον
1004 521 1121 599 όλικυῦς
1142 522 1226 608 πρός
1245 521 1330 588 θεόν

217 610 428 719 συναχθέντες
455 585 528 672 ὅλοι
557 606 624 694 ὅλῳ
652 611 722 695 θεῷ
751 605 947 691 έγιιραθῆναι
975 607 1029 674 διαὶ
1062 612 1121 674 τοῦ
1143 609 1330 715 πνεφματρς

217 692 416 799 ηξιυῦθησαν,
455 692 530 772 ῦλην
559 697 617 758 τοῦ
646 672 838 812 ἐπουρανίου
864 694 944 757 κατὰ
973 692 1010 761 τό
1040 693 1176 760 δυνατόν
1196 687 1330 782 όνθρτί-

216 804 292 856 ποις
312 775 368 858 την
388 778 498 845 εἰιιόνα
517 782 757 888 φορέσαντες,
749 783 803 842 καὶ
826 777 985 846 ’τοσοῦτο
1004 781 1202 857 έλξαντες
1164 804 1219 860 της
1233 785 1330 856 θτίιις

218 865 403 952 ἐμφάσεως,
431 865 461 930 εἰ
490 869 587 948 θέμις
611 869 706 930 τοῦτο
728 864 846 943 εἰπεῖν,
877 865 958 930 ὅσον
978 866 1148 952 ἑλχθέντες
1169 863 1263 930 αῦτοί
1285 868 1331 953 τῷ

217 956 287 1056 θεῷ
317 954 541 1060 συνετέθησαν.
597 955 684 1016 Φασὶ
712 947 773 1035 γιίρ
802 946 945 1029 οἷλληλων
974 947 1055 1018 εἶναι
1084 956 1329 1063 παραδείγματα

197 1035 274 1104 τόν
296 1035 377 1102 θεόν
398 1043 452 1103 καὶ
475 1036 530 1103 τόν
552 1034 745 1121 ἄνθρωπον,
769 1041 822 1100 καὶ
846 1041 1002 1104 τοσοῦτον
1019 1043 1068 1147 τῷ
1090 1036 1156 1103 οἰνθ
1170 1037 1256 1143 ω’πιρ
1275 1035 1330 1103 τόν

217 1121 299 1189 θεόν
328 1121 380 1187 διό
382 1127 658 1233 φιλανθρωπίαν
685 1123 1020 1230 ιίνθρωπίζεσθαι,“
1005 1102 1085 1190 όσόν
1114 1152 1131 1188 ο
1121 1121 1331 1208 α’νθριοπος

218 1206 331 1276 εαυτόν
351 1235 396 1308 τω
382 1212 487 1313 θεῷ
509 1204 590 1274 64¹²
570 1209 693 1292 αγιίπης
715 1212 863 1286 δυνηθεὶς
883 1205 1068 1318 ιίπεθέωσε,
1096 1217 1150 1275 καὶ
1173 1214 1331 1313 τοσρῦτον

218 1293 281 1362 666
315 1273 396 1362 θεον
431 1292 487 1360 τόν
521 1292 697 1376 ἄνθρωπον
730 1292 810 1359 κατιί
847 1301 923 1359 νοῦν
951 1292 1157 1403 ἁρπάζεσθαι
1181 1292 1266 1401 πρός
1293 1290 1329 1359 τό

217 1380 378 1492 γνωστόν,
401 1381 481 1446 ὅσον
504 1377 521 1445 6
546 1378 721 1490 ἄνθρωπος
742 1377 798 1484 τόν
820 1376 961 1464 ιίόρατον
983 1382 1078 1467 φύσει
1097 1380 1178 1448 θεόν
1197 1379 1252 1446 διό
1270 1383 1331 1447 τῶν

56 1496 91 1534 ει.
100 1496 134 1534 αα
150 1506 169 1544 p.
180 1487 210 1534 ιε.
218 1465 338 1555 ιίρετύιν
358 1466 568 1552 ἐφανέρωσεν
607 1463 690 1531 Υπό
714 1466 827 1547 ταύτης
849 1473 957 1531 τοίνυν
966 1473 1032 1576 τῆς
1053 1467 1133 1535 κατὰ
1148 1465 1258 1576 λόγον
1274 1471 1331 1533 aaz

218 1559 361 1662 θεωρίαν
391 1555 618 1662 συνιφταμένρς
646 1557 861 1654 φιλοσοφίας,
895 1545 977 1618 καθ’
1007 1551 1045 1634 ἢν
1067 1560 1120 1620 καί
1143 1549 1160 1632 6
1184 1556 1243 1618 τοῦ
1263 1548 1331 1623 οἷιό·

155 1639 159 1647 ’
216 1664 319 1724 ματος
347 1635 430 1714 ὲξ’
410 1636 545 1722 ανόγιιης
566 1635 754 1748 εῦγενίζετμι
778 1636 890 1744 φύσις,
915 1635 1069 1748 ρίπλανυῦς
1090 1637 1173 1748 πρός
1193 1638 1253 1704 τόν
1274 1641 1331 1744 τρῦ

217 1729 300 1792 θεοῦ
320 1723 431 1790 πόθον
453 1727 627 1808 τρωθέντες
649 1725 684 1789 οἱ
705 1724 793 1801 ιίγιοι
812 1722 865 1787 διὰ
885 1750 947 1790 των
964 1725 1104 1834 ένουσυῦν
1122 1721 1233 1846 αφίτοῖς
1248 1721 1332 1830 πρὸς

218 1809 255 1876 τοὶ
290 1815 367 1876 θεῖα
404 1835 547 1895 φυσινων
582 1810 752 1922 ἐμφάσεων
787 1805 991 1917 ιίξιοιιρεπιῦς
1026 1811 1108 1896 πρός
1140 1808 1223 1875 3τόν
1250 1807 1333 1877 θεόν

217 1899 446 1982 παρεγένοντο,
477 1900 569 1979 σῶμα
589 1902 643 1962 καὶ
665 1895 802 1970 κόσμον
809 1891 992 1976 ἀθλητικῶς
1009 1897 1211 2006 διασχόντες,
1234 1890 1332 1974 ιίλλιὶ·

217 1991 287 2059 λοις
314 1989 414 2048 ταῦτα
442 1980 654 2069 περιεχόμενα
683 1983 863 2085 θεαῦμενοι,
903 1982 959 2049 τόν
986 1988 1045 2067 μέν
1075 1982 1199 2092 φύσει,
1225 1979 1262 2046 τό
1297 1983 1332 2047 δέ

219 2067 389 2151 αἰσθήσει,
417 2075 471 2135 καὶ
492 2072 621 2177 θριτέριρ
643 2067 785 2179 θάτερον
807 2056 1010 2151 ύποπίπτον,
1038 2074 1075 2161 τῇ
1097 2096 1155 2135 κατ
1153 2065 1331 2134 ἰπαλλιι·

217 2154 274 2240 γίην
302 2158 443 2264 θατέρου
457 2153 554 2262 πρὸς
583 2133 618 2220 τό
648 2153 754 2242 ἕτερον
775 2180 855 2239 ποια
844 2154 1032 2262 2662614,
1061 2162 1114 2222 καὶ
1135 2157 1235 2237 μηδὲν
1256 2151 1331 2219 τοῦ·

220 2266 282 2308 των
298 2267 401 2349 τιρ
328 2237 466 2307 ””κιιθ
452 2239 561 2306 εαντῦν
579 2240 664 2352 λόγφ
682 2243 883 2328 περιγραφῆς
900 2237 1046 2328 ῦπιίρχον
1063 2240 1252 2328 ἐλεύθερον,
1278 2243 1331 2305 καί

57 2357 104 2397 εει.
120 2351 212 2398 ιηιειι
221 2329 358 2413 αἰσχρον
385 2323 577 2411 ἡγησάμενοι
600 2337 666 2402 τοῖς
687 2333 819 2407 θνητοῖς
842 2333 895 2391 καὶ
918 2339 1149 2437 περιγρριπτοίς
1167 2327 1186 2436 fl,
1192 2329 1332 2410 ε’μφθεν

220 2419 356 2520 ρεσθαί
370 2439 402 2478 τε
430 2418 485 2477 καὶ
517 2413 815 2519 περιγράφεσθαι,
826 2415 878 2489 τῆς
906 2419 1009 2498 φυχης
1030 2415 1085 2479 ἐόν
1107 2411 1143 2478 τό
1166 2410 1331 2476 όθόνατον

219 2505 273 2565 καὶ
303 2495 481 2576 ἀεικίνητον
507 2496 596 2584 μόνιμ
624 2504 694 2585 θερῦ
722 2505 767 2563 τιῦ
794 2493 969 2585 ιίθανυίιιμ
979 2507 1033 2564 καὶ
1057 2499 1161 2577 πόσης
1166 2496 1331 2600 ἀπειρίας

220 2584 383 2694 ιίνωτέρω
388 2582 508 2658 ἅλύτως
529 2581 660 2659 ἑαυτούς
675 2563 853 2666 οἰνὲύησαν,
878 2562 1026 2695 ρῦιίρμιιῦς
1047 2597 1118 2660 ταῖς
1135 2582 1260 2668 κόσμον
1280 2588 1331 2648 καὶ

214 2667 341 2774 ’σαρκός
363 2667 539 2745 ιίνθολιιαίς
560 2669 796 2780 ἰνδίδοντες,“
775 2695 856 2777 οπερ
879 2669 947 2736 ἐστὶ
971 2671 1074 2751 πόσης
1095 2668 1207 2774 ύρετῆς
1228 2695 1262 2735 τε
1279 2674 1332 2735 καὶ

218 2755 363 2840 γνώσεως
391 2754 568 2866 πλήρωσις,
592 2748 689 2863 φῖμαι
720 2755 804 2820 66‘
784 2782 834 2821 οτι
856 2762 909 2820 καὶ
934 2761 1034 2833 τέλος.
1083 2754 1181 2821 Ἀλλυὶ
1204 2752 1265 2820 κόν
1286 2754 1332 2819 εἰ·

219 2867 298 2908 ποτε
327 2848 417 2951 περὶ
431 2841 468 2949 τρὶ
498 2847 560 2905 τῶν
589 2839 688 2906 όντων
712 2843 861 2950 θεόματα
884 2867 1061 2922 κεκινηνται
1085 2842 1120 2907 οἱ
1140 2841 1247 2924 ἅγιοι,
1277 2836 1332 2907 οῦκ

220 2929 273 2994 επὶ
304 2931 348 2992 ταῦ
378 2925 455 2992 αύτό
480 2927 583 2992 ἐκεῖνα
605 2933 852 3037 προηγουμένως
870 2927 1066 2999 θεάσασθαί
1086 2953 1118 2992 τε
1141 2933 1194 2992 καὶ
1216 2952 1333 3010 γνωναι

220 3009 296 3081 καθ’
306 2992 417 3122 m6669
422 3010 535 3086 ῦλιιιιῦς
557 3020 748 3093 κεκίνηνται,
786 3006 886 3079 ἀλλ’*
897 3016 952 3080 ίνα
977 3013 1033 3080 τόν
1057 3012 1110 3078 διὰ
1132 3013 1260 3079 πόντων
1281 3016 1334 3077 καὶ

221 3100 255 3166 ἓν
276 3105 375 3167 πᾶσιν
396 3096 473 3165 όντα
494 3124 526 3164 τε
545 3107 599 3165 καὶ
618 3099 814 3210 φαινόμενον
831 3098 911 3165 θεόν
936 3095 1186 3204 πολυτρόπως
1171 3100 1333 3184 υμνῆσωσι

221 3193 276 3253 καὶ
297 3185 454 3265 πολλην“
441 3196 566 3261 εαυτοΐς
584 3193 795 3293 συνργείρωσι
814 3186 984 3270 θαύματος
1005 3185 1139 3270 δύναμιν
1160 3192 1216 3250 καὶ
1238 3187 1334 3262 δοξο-

221 3279 332 3358 λογίας
353 3269 525 3338 ῦπόθεσιν.
572 3270 659 3336 ³442,
645 3299 680 3351 ην
702 3272 762 3357 γὰρ
785 3271 951 3379 εἰληφότες
972 3272 1060 3356 παρὰ
1083 3276 1166 3336 θεοῦ
1188 3275 1264 3338 νοῦν
1281 3274 1334 3377 κρί

221 3359 320 3470 λόγον
350 3365 404 3424 καὶ
434 3358 589 3436 αἴσθησιν
618 3301 757 3461 ἔχουσαν
784 3356 866 3466 πρός
891 3363 941 3462 τῇ
952 3363 1047 3448 νοητῇ
1069 3364 1122 3423 καὶ
1147 3357 1260 3436 ταύτην
1283 3355 1335 3436 τὴν

222 3444 395 3524 αἰσθητὴν,
438 3443 540 3528 υῦςπερ
571 3449 625 3509 καὶ
654 3443 753 3550 λόγον
783 3443 866 3529 πρός
893 3448 941 3507 τιῦ
952 3427 1143 3550 ένδίαθέτῳ
1172 3442 1229 3509 τόν
1257 3440 1335 3508 κατὰ

221 3530 395 3640 προφορὰν
424 3536 478 3596 καὶ
508 3533 583 3594 νοῦν
611 3526 694 3615 πρός
721 3535 765 3617 τῷ
794 3534 906 3639 νοητῷ
927 3528 982 3595 τόν
1003 3507 1185 3608 παθητικόν
1208 3525 1260 3610 (ὃν
1282 3532 1335 3594 καὶ

223 3623 423 3729 φαντασίαν
425 3619 560 3683 καλοῦσι
584 3621 641 3681 τοῦ
664 3595 762 3722 ζρῦον,
785 3612 899 3680 καθ’
885 3610 923 3681 όν
945 3621 998 3680 καὶ
1019 3614 1057 3680 τοὶ
1080 3615 1179 3680 λοιπά
1199 3616 1264 3693 ζιῦα
1283 3618 1335 3681 καὶ

223 3700 343 3783 ἄλληλα
370 3709 424 3766 καὶ
448 3695 535 3811 ημρῦς
563 3709 616 3767 καὶ
645 3701 718 3778 τοῦς
746 3701 866 3777 τόπους
896 3696 952 3776 οῦς
982 3700 1201 3767 διωθευσαν
1187 3699 1335 3810 επιγινιό-Ι

212 3812 356 3871 στόνοι,
383 3794 459 3877 περὶ
487 3784 524 3898 644
553 3793 769 3854 συνίστασθαι
799 3813 853 3897 την
875 3787 1032 3866 αἴσθησίν
1056 3811 1156 3891 φασιν
1180 3785 1214 3852 οἱ
1237 3791 1335 3898 σοφοὶ

224 3873 262 3938 τό
299 3879 449 3956 τοιαῦτα,
486 3871 639 3982 όργανον
660 3871 753 3953 αῦτῆς
787 3865 886 3939 οῦσαν
915 3869 1141 3952 οἰντιληιττιιιόν
1170 3899 1232 3938 των
1261 3869 1335 3978 αῦτη

59 3994 95 4033 ει
104 3985 192 4040 ωιμι
181 3964 500 4070 ιιφαντασθέντων),
525 3963 591 4025 ῦείν
613 3955 767 4048 ρίἠθησαν
790 3959 909 4024 τούτων
932 3957 987 4035 τὰς
997 3959 1207 4070 ἐνεργείας,
1208 3959 1335 4062 εἰκότως

227 4040 286 4128 οῦχ
307 4049 447 4128 ἑαυτοῖς,
470 4045 549 4112 ἀλλὰ
574 4073 617 4134 τῳ
603 4045 788 4154 θεόφκόιι
807 4049 893 4130 θεῷ,
925 4040 1005 4109 διΜ
984 4070 1022 4109 ον
1040 4052 1094 4111 καὶ
1115 4036 1207 4120 έξ
1168 4071 1205 4110 ου
1226 4045 1335 4110 πάντα

226 4135 442 4215 προςενέγκαι.
494 4138 589 4220 Τρεῖς
609 4131 670 4221 γὰρ
694 4131 788 4207 ὄντας
810 4109 1010 4206 καθολικοῦς
1033 4130 1190 4227 τρόπους,
1218 4129 1261 4208 ὡς
1283 4127 1335 4196 οἰν-

298 4338 323 4390 2.
343 4333 478 4386 τοσοῦτον
496 4337 536 4389 ed.
558 4336 614 4388 Gal.
669 4336 693 4389 3.
714 4329 764 4384 τόν
781 4349 832 4387 om.
853 4333 896 4388 06.
909 4332 965 4385 604.
1020 4334 1046 4385 4.
1066 4326 1099 4384 w
1116 4323 1335 4387 αῦτίνεὼθιί
