2752 4778
1342 31 1364 403 ι

230 405 394 487 πλοκην“
378 424 395 472 ο
425 411 481 472 τοῦ
503 407 624 474 δῶδεκα
647 407 724 474 κατὰ
749 407 804 474 τόν
825 404 1032 475 δποδοθέιτα
1056 407 1191 494 τρόπον
1214 413 1329 492 σνμιιλη·

231 498 342 578 ροῶται
365 492 469 577 λόγος.
1351 416 1366 633 Ι

224 637 329 730 Ἀλλη
357 632 512 730 θεωρία.

330 766 435 831 ’H
386 793 476 878 την
478 761 591 847 η’θικῆν
613 774 666 834 καὶ
690 767 892 878 μυσικην
847 774 900 834 καὶ
924 769 1122 879 θεολογικην
1149 774 1332 855 φιλοσοφίαν

232 853 249 921 6
273 852 415 958 α’ριθμός
437 847 530 930 οὗτος
551 858 657 936 δηλοῖ,
680 881 722 932 ως
738 879 772 920 εκ
795 854 958 963 τεσσάρων
980 861 1034 922 καὶ
1058 860 1157 922 πέντε
1180 860 1237 920 καί
1258 857 1332 965 τριῶν

231 939 453 1048 συναγόμενοςΙ
492 937 674 1046 Τετραδικῆ
685 942 757 1051 γὰρ
781 940 833 1005 διὰ
857 939 964 1017 1636'
983 939 1111 1025 γενικῶς
1129 939 1250 1026 ῶρετός
1268 940 1367 1006 έστνν

231 1025 249 1106 6
279 1026 312 1092 έν
339 1037 407 1102 τοίς
434 1025 600 1134 πράγμασι
630 1024 696 1092 κατ’
718 1019 801 1107 ἦθος
823 1024 953 1111 6696669
976 1034 1179 1112 φιλοσοφία.
1236 1032 1334 1092 Πεντι

230 1112 299 1192 δικῆ
323 1109 395 1177 66
379 1140 395 1191 η
420 1111 535 1194 ηννσικη
555 1116 683 1219 θεωρία
707 1112 815 1177 διδ
783 1139 836 1191 την
859 1113 1024 1197 εἰρημένην
1045 1114 1178 1196 αἰτίαν,
1216 1140 1293 1199 φημι
1284 1114 1335 1176 66

231 1226 285 1278 ιην
291 1202 466 1306 πενταχῶς
488 1196 566 1263 κατόν
591 1197 687 1281 ηνόσιν
718 1203 964 1310 διαιρουμένην
967 1199 1137 1280 αἴσθησιν.
1196 1195 1335 1308 Τριαδννῆ

230 1280 302 1349 6‘6
287 1311 303 1363 η
325 1283 459 1368 μνστικίη
481 1290 653 1394 θεολογία,
690 1284 742 1349 διὰ
766 1312 821 1361 τας
844 1293 1018 1397 ομουσίους
1033 1283 1138 1395 ἁγίας
1163 1297 1258 1393 τρεῖς
1271 1282 1337 1348 ιλπν·

230 1370 359 1445 στάσεις
388 1375 440 1449 τῆς
468 1377 625 1453 παναγίον
653 1369 862 1480 μονῶδος,ἢ
891 1366 994 1435 έν7
955 1398 1006 1447 αις
1029 1369 1044 1451 6
1070 1368 1150 1456 υλγία
1174 1371 1289 1456 μονὰς
1317 1368 1338 1451 6,

230 1457 419 1544 κυριώτερον
442 1457 559 1535 εἰπεῖν,
587 1457 705 1543 ἅπερ
693 1454 708 1519 ν
733 1454 808 1540 ἆγία
830 1456 939 1541 μονυὶς

222 1611 331 1702 Ἄλλη
356 1605 509 1702 θεωρία.

1363 1614 1372 1667 λ

69 1770 116 1810 ιιι,
133 1765 223 1817 νωιι.
329 1740 374 1804 ‘H
399 1742 452 1820 τὴν
481 1741 626 1807 καθόλου
659 1748 712 1807 καὶ
741 1743 947 1824 γενικωτότην
965 1740 1011 1829 λ’
992 1744 1106 1827 αρετὴν
1136 1751 1196 1810 καὶ
1225 1749 1338 1850 γνῶσιν
1362 1691 1372 1831 Ι

232 1827 285 1905 την
256 1833 416 1935 μὲν
398 1824 440 1903 ῶς
471 1827 608 1892 ἐνταῦθα
632 1826 685 1892 διδ
708 1833 769 1893 τῶν
792 1825 861 1893 δ’3
841 1833 961 1914 αρετῶν
980 1835 1270 1934 κατορθουμένην,
1298 1829 1340 1910 νέην

232 1917 266 1977 66
294 1938 336 1990 ως
366 1913 417 1978 διὰ
448 1917 508 1978 τῶν
535 1911 616 1980 όκτῶ
646 1913 698 1994 την
721 1919 883 2000 θεωτέραν
905 1918 966 1981 τῶν
986 1915 1171 2028 μελλόντων
1187 1921 1341 2026 μυστικῶς

232 1998 505 2107 1παραδηλοόσων
533 1998 727 2067 κατάστασιν
756 2006 1049 2086 σημαινομένην,ε
1036 1994 1128 2078 ἐξ
1101 2029 1148 2067 ων
1181 2029 1199 2069 ο
1231 2002 1341 2069 δῶδεκα

231 2085 309 2150 κατὰ
332 2084 485 2152 σύνθεσιν
508 2084 650 2171 αριθμὸς
672 2085 885 2172 απαριιᾝζειαι

225 2245 331 2335 ’Ἁλλη
357 2238 511 2333 θεωρια.

330 2370 371 2436 'H
391 2369 427 2436 τό
451 2371 594 2456 παρόντα
617 2397 649 2436 τε
671 2377 724 2438 καὶ
748 2371 784 2436 τὰ
806 2375 981 2481 μέλλοντα,
1005 2398 1046 2449 ως
1063 2400 1127 2438 των
1145 2401 1210 2460 εν
1145 2402 1337 2461 παρυν

231 2483 291 2523 των
321 2458 376 2523 τόν
405 2457 435 2521 6‘
460 2434 645 2557 στοιχειώδη
675 2484 707 2523 τε
729 2464 782 2523 καὶ
805 2455 914 2524 νλλικόν
936 2455 1126 2565 υἷριθμόν”
1105 2486 1187 2527 οντα
1211 2467 1338 2548 φυσικῶς

230 2549 514 2654 παραδεχομένων,
543 2541 603 2609 τῶν
629 2547 663 2607 66
684 2542 863 2654 μελλόντων
883 2550 1041 2654 μυστικῶς
1064 2544 1335 2656 έπιθεωροόμενον

232 2628 341 2708 αίτοις
363 2630 650 2751 ἐπυδεχομένων
617 2656 671 2695 τον
695 2626 776 2696 όκτῶ
799 2627 1005 2716 υίριθμόν,“
983 2659 1025 2708 ως
1046 2659 1100 2713 της
1123 2634 1208 2701 κατιὶ
1230 2633 1333 2722 χρόνον

232 2718 469 2801 έίλδοματικῆς1
483 2721 690 2803 υπερθετνκης
712 2715 879 2797 ίδιόιητος.

222 2870 334 2965 ’Ἄλλη
360 2867 516 2964 θεωρία.
1325 2955 1360 3027 ι

333 3002 374 3068 ‘H
409 3002 480 3080 τοὺς
513 3012 586 3089 περὶ
621 3009 738 3111 νοητῶν
771 3010 824 3069 καὶ
858 3005 1022 3083 αἰσθητῶν
1044 3006 1196 3113 κρίσειός
1231 3033 1262 3074 τε
1291 3008 1331 3072 καί

231 3101 387 3201 προνοίας
416 3091 559 3196 τριττοδς
580 3064 728 3175 λόγοιλς
716 3117 733 3154 ο
757 3089 876 3200 δώδεκα
900 3094 1011 3176 σαφῶς
1032 3088 1052 3155 6
1054 3091 1183 3204 ριθμός
1204 3096 1331 3204 παραδη·
1353 3028 1361 3173 λ

230 3189 294 3246 λοῒ.
341 3178 494 3245 Ἕκαστον
522 3175 582 3263 γὰρ
611 3176 726 3241 τοότιυν
758 3175 805 3261 ἐφ’
835 3178 927 3241 εἀυτό
957 3181 1014 3242 τοῦ
1042 3115 1126 3242 ειναι
1152 3176 1246 3247 τοῦθ’
1266 3179 1331 3283 ότεχ

232 3268 299 3333 ἐστὶ
330 3276 414 3372 τρεῖς
436 3264 611 3350 ἐπιδέχεται
635 3263 764 3347 λόγους,
797 3261 907 3338 καθῶς
929 3263 1031 3339 τοϊς’
1017 3263 1131 3373 α’κροις
1155 3266 1266 3350 λόγοις
1284 3267 1333 3330 τῶν

232 3358 332 3418 θείων
353 3352 487 3437 μύσταις
508 3357 561 3416 καλ
582 3360 803 3434 υνσταγωγοίς
823 3348 875 3414 διὰ
899 3343 1066 3428 πυλληλν”
1043 3376 1186 3430 ασκησιιι
1208 3357 1267 3418 τῶν
1286 3358 1331 3416 λυ·

232 3446 309 3547 γίων
344 3443 377 3506 ἐκ
412 3443 538 3504 πολλῶν
570 3436 744 3515 κατάδηλον
780 3440 902 3544 γέχονε
966 3437 1262 3518 Ίριπλασιυὶζοντες
1287 3428 1331 3502 οίν

232 3526 357 3602 ἑαυτοῖς
389 3526 422 3591 ολ
454 3523 599 3590 καθόλου
634 3528 753 3632 τριττοὶ
787 3520 848 3587 τῶν
882 3520 981 3586 ὀντων
1014 3520 1106 3632 λόγον
1143 3524 1183 3589 τὰ
1213 3526 1256 3636 ἐφ
1218 3514 1361 3597 6³⁰6

233 3616 431 3695 θεωροῦνται
461 3610 490 3675 δ’
519 3608 610 3690 ὅντα,
646 3608 663 3688 6
692 3608 727 3673 τό
759 3609 896 3692 ἔμπαλιν
918 3618 985 3684 τοῖς
1008 3599 1051 3673 ῶν
1073 3610 1160 3675 είσιν
1183 3609 1271 3678 αιίτοί
1291 3632 1330 3674 τε·

232 3697 485 3809 τραπλοόμενχοι
522 3695 575 3761 τόν
605 3695 724 3761 διυδεκα
755 3699 904 3760 ποιοῦσιν
932 3692 1086 3779 ῶριθμόν
1148 3699 1192 3763 Εν
1219 3697 1304 3803 γὰρ
1301 3693 1328 3759 τί

233 3783 308 3850 ὄντα
333 3781 445 3851 οὗσίαν
467 3784 530 3870 ἔχει
554 3789 605 3848 καὶ
631 3783 762 3864 δύναμιν
784 3787 837 3846 καὶ
862 3780 1035 3864 ἐνέργειαν,
1069 3785 1201 3866 τριττὸν
1223 3783 1275 3849 τόν
1294 3772 1329 3848 έν

232 3870 340 3947 αυτοῖς
368 3875 425 3935 τοῦ
452 3864 533 3935 εἶναι
563 3866 708 3949 δἰηλοιότι
738 3873 896 3946 κέκτηνται
928 3866 1034 3949 λόγον.
1094 3871 1135 3932 Εἰ
1160 3875 1196 3936 δὲ
1219 3870 1329 3942 τοέιονς

231 3962 341 4023 συνδεῖ
373 3956 445 4032 τοὺς
480 3956 595 4040 λόγους
632 3952 713 4062 πρὸς
744 3952 777 4018 τό
809 3948 888 4018 εἶναι
920 3953 1065 4031 δηλονότι
1097 3958 1191 4023 καθό
1218 3948 1326 4029 είσινλ

230 4044 385 4152 πρόνοια,
419 4047 570 4129 τριπλοός
599 4047 650 4106 καλ
681 4038 696 4104 6
729 4038 821 4117 αντιῖς
849 4040 972 4115 πάντως
994 4032 1149 4152 ιλπαρχων
1171 4047 1328 4120 καθέστηκε

231 4129 334 4213 λόγος.
388 4132 429 4195 Εἰ
455 4134 489 4195 66
518 4133 579 4194 τῶν
607 4127 779 4210 λωβῶσεων
809 4130 870 4190 τῶν
898 4121 1020 4190 καθ’“
1004 4153 1058 4191 ενα
1090 4133 1153 4194 τῶν
1178 4131 1328 4237 εἰρημένων

232 4216 505 4301 ιιαρατραπόντυιν
534 4215 652 4299 λόγων,
688 4217 922 4296 παρελθουσῶν
950 4237 992 4276 τε
1011 4220 1065 4278 καὶ
1097 4222 1269 4302 παρουσῶν
1288 4218 1326 4279 καὶ

302 4393 324 4440 1.
347 4390 530 4456 Apographum
551 4389 627 4439 habet
646 4383 869 4454 πιιραδηλοέσαν.
994 4392 999 4397 ”
1345 4388 1372 4746 χ
