2768 4784
222 169 271 246 68

221 354 283 416 τιῦν
311 345 454 432 οῦρανυῦν
482 342 624 424 ἀκοῦυιν,
662 347 716 406 καὶ
744 339 802 420 τήν
829 343 961 418 ποίησιν
993 342 1056 402 τῶν
1081 337 1200 420 χειρῶν
1232 326 1329 441 αίτρῦ

221 434 467 546 ἀναγγέλλοντας
498 436 555 496 τοῦ
583 428 801 530 στερεώματος
831 424 879 504 (τὸ
909 423 1120 507 θαυμάσιον,
1146 414 1198 497 οἷς
1226 415 1329 531 αυγίμι

221 517 480 626 ῦδηγιιυυργός
474 514 532 582 οῦκ
555 515 712 594 ἐνέθηκε),
735 509 808 587 τοῦς
828 515 902 595 περὶ
924 513 1099 620 θεολογίας
1119 505 1197 582 νοός
1217 501 1329 580 ἀκοαῖς

221 632 307 717 παρα
330 631 391 671 των
413 598 545 711 ἀψύχων
566 597 735 683 ἀπεδέχετο
758 597 889 680 λόγους,
922 593 1071 704 καὶτοὺς
1097 597 1151 673 τῆς
1170 592 1329 700 προνοίας

222 699 276 758 καὶ
298 696 432 775 κρίσεως
454 689 487 764 ἐξ
509 685 780 795 ἀποτελέσματος,
818 681 896 747 κατὰ
920 681 956 747 τό
979 676 1204 788 ἀνθρώποις
1189 674 1330 763 εφικτδν,

224 777 407 843 έδιδάσκετο
430 773 582 882 τρόπους,
606 774 684 852 τῶν,
714 763 763 846 οἷς
784 767 932 848 δηλονότι
953 765 1033 832 κατά
1053 768 1152 870 μέρος
1167 767 1330 855 ποικίλλε-

223 889 275 929 ται
295 859 312 942 6
335 865 393 927 τοῦ
413 857 533 936 παντός
554 854 746 940 διέξαγιιιγῆ,
769 851 827 920 οῦκ
845 851 1072 953 ἀφικνούμενος
1089 848 1201 934 λόγιον.

56 1029 370 1207 22012626106666666
386 1028 512 1122 είςτο,
534 1027 744 1124 Οπατήργ
746 1053 805 1100 ιου
822 1025 885 1100 καὶ
903 1024 926 1122 6
946 1020 1067 1152 μήτηρ
1085 1050 1161 1119 μου
1180 986 1329 1122 ἐγκατέ-

310 1162 382 1207 πον
405 1160 463 1227 με.

332 1265 422 1331 0616
444 1263 558 1342 πόλιν,
575 1259 752 1351 (Οπατῆρ
750 1288 835 1371 μου
847 1267 901 1328 καὶ
924 1257 940 1341 6
961 1260 1062 1346 μήτηρ
1083 1285 1147 1367 μρυ
1170 1257 1332 1365 ἐγκατέλι-

224 1350 288 1416 πόν
307 1377 364 1435 με,
393 1348 466 1417 666
489 1349 598 1435 κῦριος
621 1346 835 1434 προςελάβετό
851 1373 908 1459 με,
937 1347 1081 1454 φάσκων
1092 1343 1147 1425 τὴν
1172 1348 1231 1410 τοῦ
1250 1341 1331 1410 κατά

225 1436 322 1541 φῦσιν
350 1441 402 1516 τῆς
431 1437 550 1544 σαρκὸς
571 1441 644 1540 περὶ
667 1438 790 1517 γένεσιν
811 1440 866 1500 καὶ
888 1432 1020 1543 φθορὰν
1043 1431 1160 1544 νόμον,
1189 1427 1273 1496 καθ’
1295 1425 1333 1496 δν

224 1521 347 1633 πόγτες
368 1520 421 1586 διά
450 1520 505 1600 τίην
532 1519 718 1628 παράβασιν
741 1525 795 1585 καὶ
817 1517 1003 1603 γεννυίμεθα
1024 1525 1078 1584 καί
1101 1516 1333 1626 σονιστρὶμεθα,

225 1613 279 1674 καὶ
309 1611 377 1718 τῆς
387 1600 614 1715 τιθηνρῦσης
599 1609 680 1689 ημῦς
699 1604 831 1719 μητρός
841 1609 930 1685 δίκην
952 1603 1135 1684 αἰσθήσεως
1157 1600 1333 1687 ἀπόλειψίν

225 1718 258 1758 τε
280 1699 334 1758 καὶ
356 1686 524 1803 ἀποφυγῆν
539 1688 720 1804 ἀναγκαίαν
742 1687 824 1756 εἶναι
848 1701 916 1768 τοῖς
938 1694 1000 1757 τιῦν
1016 1686 1267 1801 ἀγιθάρτων
1215 1686 1333 1753 έπιθυ-

219 1789 338 1865 μηταῖς
359 1779 646 1887 έπικεκρρμμένυις,
669 1773 777 1888 οἶμαι,
796 1776 977 1885 διηγόρευε·
1007 1780 1039 1841 δι
1071 1768 1115 1871 ιον
1136 1801 1155 1840 ο
1170 1775 1232 1859 μέν
1249 1769 1334 1877 ἀριῦ·

225 1890 320 1949 μενος
341 1863 461 1974 κόσμος
483 1860 612 1948 ἀφίεται
634 1868 688 1929 καὶ
711 1861 860 1948 ἀφίησιν,
896 1858 914 1927 6
937 1867 973 1969 δὲ
994 1860 1104 1970 κῦριρς
1125 1856 1334 1971 προςλαμβό-

226 1976 347 2029 νεται,
357 1956 410 2015 καὶ
438 1953 482 2037 τῷ
509 1953 709 2053 πνευματικῴ
737 1949 894 2060 66066666
916 1948 1004 2036 νόμῳ
1027 1946 1101 2025 τοῦς
1123 1942 1250 2023 ἀξίους,
1278 1948 1334 2010 καί

226 2046 295 2158 τρῖς
315 2025 421 2111 ἀξίοις
440 2013 757 2144 πατροθετοόμεῦος,
790 2033 875 2098 δί
856 2038 967 2139 αρετῆς
988 2043 1042 2099 καῖ
1062 2033 1223 2143 γναίσεως,
1254 2028 1335 2097 ὅλον

227 2120 361 2186 1έαυτόν
384 2121 474 2197 ὅλοις
494 2116 603 2197 αῦτοῖς
624 2117 745 2184 666³t
728 2127 901 2230 ομοίιοσιν,
930 2112 972 2227 οῦς
993 2115 1133 2227 ἀγαθός,
1156 2117 1335 2229 ἕνδίδυρσιν.

28 2285 30 2289 ¹
64 2221 112 2266 ⁰⁰³
124 2223 139 2265 ί
150 2216 221 2264 1⁴3·
220 2205 265 2272 Ἢ
284 2207 366 2291 τάχα
384 2213 390 2288 Ι
410 2204 463 2315 διά
486 2211 543 2315 166
550 2205 686 2313 πατρός
707 2212 760 2270 καὶ
783 2211 835 2284 τῆς
855 2205 974 2290 μητρός
996 2204 1051 2270 τόν
1068 2204 1213 2292 γραπτὰν
1232 2202 1335 2313 νόμον

227 2299 281 2360 καὶ
310 2292 364 2370 τὴν
389 2289 454 2357 κατ’
485 2289 581 2402 αάτόν
609 2290 790 2375 σωματικὴν
819 2298 968 2376 λατρείαν
997 2292 1209 2367 αἰνίττεται,
1223 2280 1269 2354 66
1298 2292 1336 2381 τῇ

226 2375 430 2488 ἀποχωρήσει
464 2376 501 2443 τό
538 2383 606 2462 φῶς
635 2383 692 2442 τοῦ
720 2382 934 2461 πνευματικοῦ
962 2375 1063 2486 νόμου
1089 2388 1159 2454 ταῖς
1185 2377 1335 2461 καρδίαις

226 2467 288 2529 ταῖν
317 2461 415 2539 ἀξίων
442 2460 622 2527 ἀνατέλλειν
643 2467 780 2546 πέφυκε,
809 2469 862 2528 καὶ
884 2467 939 2543 τῆς
960 2463 1038 2528 κατὰ
1061 2463 1164 2548 σόρκα
1187 2464 1335 2536 δουλείας

226 2549 412 2634 ἐλευθερίαν
433 2550 637 2634 χαρίζεσθαι.

66 2699 373 2876 sinss‘llffig'ffa
385 2705 447 2899 6363
473 2699 542 2796 τὴν
569 2699 753 2776 ὀπτασίαν
773 2699 902 2776 Ἠλίου
927 2700 996 2799 τὴν
1023 2705 1063 2776 έν
1087 2706 1142 2801 τῷ
1167 2656 1336 2800 σπηλαίῳ

318 2831 395 2901 ωθη

335 2932 443 3011 Οῦτας
454 2929 599 3040 Ἠλίαςὸ
605 2936 807 3043 περινόητος
823 2935 903 3020 μετά
918 2936 954 3003 τό
947 2940 1031 3045 πῦρ
1045 2936 1163 3014 έκεῖνο,
1169 2935 1267 3044 μετά
1282 2935 1336 3002 τόν

227 3019 439 3129 σῦσσειρμόν,
469 3019 547 3104 μετὰ
579 3020 615 3085 τό
644 3027 725 3106 μέγα
748 3029 801 3088 καὶ
824 3021 978 3106 κραταιόν
999 3026 1121 3106 πνεῦμα
1144 3020 1180 3087 τό
1204 3021 1337 3087 διαλόον

229 3103 303 3210 ὄρη,
339 3105 358 3170 6
353 3102 419 3185 66
445 3107 537 3217 ζῦλον
557 3113 610 3172 καὶ
634 3108 796 3192 διάκρισιν
817 3103 899 3174 εἶναι
922 3113 975 3174 καὶ
997 3108 1052 3188 τῆν
1074 3110 1106 3174 ἒν
1128 3114 1336 3219 πληροφορία

226 3190 418 3300 πρόθυμον
428 3199 539 3259 πίστιν
561 3190 778 3302 ῦπολαμβάνυι
807 3192 836 3275 (6
858 3199 918 3278 μέν
939 3194 1001 3281 γάρ
1023 3193 1201 3281 διάκρισις,
1231 3195 1336 3305 ἀίςπερ

228 3277 380 3387 ρεισμός
384 3276 422 3342 τὰ
445 3282 575 3363 συνεχῆ,
609 3278 664 3359 την
684 3286 857 3391 μογθηρία.
874 3287 1098 3347 πυκνωθεῖσαν
1119 3280 1185 3357 ἕξιν
1206 3279 1322 3346 διά”
1284 3306 1337 3359 της

228 3360 353 3470 ἀρετῆς
366 3362 554 3430 ἐπισείουσα
585 3369 638 3444 τῆς
665 3374 778 3443 κακίας
807 3359 1032 3449 ε’ξίστησιν,“
1014 3391 1031 3430 ο
1062 3370 1097 3431 δέ
1120 3366 1214 3447 ζῆλος
1235 3364 1338 3473 πυρός

228 3445 353 3529 δίκην’
334 3448 481 3514 ανόπτων
499 3449 575 3527 τοῦς
591 3448 723 3559 έχρντας
743 3478 778 3542 τη
765 3453 879 3529 ζέσει
899 3456 957 3558 τοῦ
978 3451 1156 3537 πνεύματος
1173 3449 1338 3518 παιδεύειν

228 3540 337 3600 πείθει
359 3532 433 3611 τοῦς
455 3532 641 3618 ἀσεβεῖς,
625 3563 640 3615 η
665 3541 700 3602 66
715 3544 843 3619 πίστις,
873 3538 1052 3645 πνεόματος
1071 3544 1182 3689 βιαίοέυ
1203 3536 1337 3626 τρόπον,

227 3618 355 3700 δόξης“
338 3646 439 3687 ενεκεν
455 3625 538 3687 θεοῦ
554 3620 637 3730 πρός
654 3618 888 3732 καθαίρεσιν
868 3624 1082 3711 οχυραμότων
1098 3620 1138 3689 δι
1155 3623 1338 3701 ἐπιδείξεως

227 3705 403 3790 θαυμάτιον
424 3702 559 3773 ὠθοῦσα
581 3706 654 3784 τοῦς
676 3705 816 3786 ἀπαθεῖς
838 3711 953 3787 ὕδατος
959 3714 1147 3815 γνωστικοῦ
1162 3715 1217 3776 καί
1236 3708 1339 3795 πυρός

228 3796 391 3858 θεοποιοῦ
421 3790 624 3903 χορηγὸν
589 3819 646 3859 τον
673 3792 772 3871 ὅντως
799 3794 915 3862 πιστόν
942 3794 1120 3901 ἄνθρωπον
1148 3800 1336 3877 καθίστησι,

64 3882 283 3954 18ει1λίθκαῖ
311 3883 355 3964 τῷ
375 3883 435 3988 μὲν
457 3877 512 3944 τόν
535 3876 618 3943 δί’
597 3886 729 3987 αγνοίας
750 3879 847 3988 λιμόν
867 3882 1109 3991 θεραπεῦοοσα,
1143 3906 1188 3970 τῳ
1173 3885 1246 3990 δέ
1268 3892 1339 3958 τοῖς

66 3955 110 3994 “¹³
228 3941 348 4027 θῦουσί
377 3961 417 4028 δι’
446 3963 642 4044 οἰκειότητος
670 3963 725 4030 τόν
752 3964 833 4033 θεόν
861 3962 1083 4050 εάμενίξουσα,
1110 3973 1167 4035 καὶ
1188 3967 1263 4044 τοῦς
1283 3970 1339 4047 τῆς

228 4051 341 4122 κακίας
368 4048 578 4126 διδασκάλους
606 4051 782 4135 λογισμούς
810 4077 842 4117 τε
872 4057 927 4160 καὶ
958 4058 1113 4138 δαίμονας
1134 4059 1339 4138 λογοσοφίας

227 4136 375 4198 κτιννῦσα
397 4137 451 4212 τῆς
472 4139 534 4199 ταῦν
554 4140 673 4224 παθιῦν
691 4139 837 4214 δουλείας
854 4136 928 4214 τοῦς
943 4142 1191 4225 κεκρατημένους
1207 4139 1340 4205 ἐλευθε-

234 4254 510 4270 m

298 4306 322 4358 1.
341 4307 528 4374 Apographum
546 4309 625 4360 habet
641 4305 755 4363 σαυτὸν.
