2752 4778
144 395 198 454 tas
228 399 277 455 est
304 396 423 469 absque
452 394 515 455 ulla
534 392 703 455 dffierentia
724 396 755 453 in
778 399 905 470 utroque
929 399 1058 457 eandem
1079 399 1261 461 conditionis

144 478 250 541 dicere
279 481 425 541 rationem
455 484 486 540 et
516 479 655 550 modum,
686 481 829 556 quoniam
859 497 916 542 nec
945 481 1025 542 idem
1057 481 1096 544 de
1124 487 1259 547 essentia

143 566 240 631 ambo
264 567 407 629 existunt.
453 564 587 639 Quorum
611 567 691 625 euim
712 567 874 636 existentia
895 583 956 627 non
979 569 1089 629 eadem
1113 579 1176 642 est,
1204 572 1260 633 ho-

142 666 216 713 rum
239 656 271 711 et
292 651 474 719 conditionis
495 652 640 711 rationem
663 667 700 710 ac
721 651 845 712 modum
869 652 1043 730 discrepare
1065 661 1158 731 patet.
1201 655 1260 717 lm·

141 753 216 821 mn,
251 737 372 797 animae
402 737 521 812 quidem
552 753 606 811 par
636 742 684 797 est
706 737 828 797 credere
851 738 1036 815 aliumesse
1058 747 1090 801 et
1111 743 1259 802 rationem

141 829 178 892 et
207 821 349 896 modum,
379 837 438 897 quo
466 822 519 883 fiat
549 827 579 881 et
608 824 647 881 sit
676 830 706 882 et
734 829 923 898 perseveret,
954 831 983 884 et
1009 825 1103 886 alium
1124 828 1260 889 similiter

140 909 302 982 corporis,
334 923 394 983 quo
416 909 469 969 fiat
490 912 521 968 et
542 909 582 967 sit
604 913 634 968 et
656 909 723 969 siue
745 909 808 969 ulla
830 911 1040 972 immutatione
1059 919 1197 989 maneat,
1228 920 1260 974 et

140 1009 218 1055 cum
240 995 343 1055 anima
365 995 558 1068 copulatum,
589 1011 708 1069 eorpus.

138 1173 417 1275 Contemplatio
451 1175 575 1251 brevis
607 1176 654 1250 ad
683 1200 743 1250 eos
775 1180 838 1275 qui
863 1177 991 1251 dicunt
1011 1181 1152 1252 animas
1175 1187 1259 1252 ante

196 1280 260 1354 vel
282 1287 365 1379 post
387 1301 538 1378 corpora
563 1280 730 1353 existere.

253 1410 397 1484 Quamvis
420 1411 509 1477 simul
533 1412 617 1471 iuxta
640 1412 845 1472 substantiam
867 1414 1042 1488 utriusque,
1068 1415 1189 1474 animae
1212 1416 1258 1473 in-

139 1513 238 1573 quam
267 1503 298 1557 et
327 1499 480 1573 corporis,
509 1497 589 1559 idem
619 1503 667 1557 est
689 1499 896 1573 generationis
919 1503 1056 1573 tempus,
1088 1515 1157 1559 curn
1173 1516 1257 1561 neu-

138 1591 224 1645 trum
248 1583 332 1643 alteri
353 1585 558 1658 praeexistat,
581 1582 836 1673 quemadmodum
860 1584 938 1659 dixi,
969 1584 1139 1644 seeundum
1164 1602 1258 1663 gene-

139 1670 310 1741 rationem,
334 1668 381 1727 vel
399 1673 469 1744 post
488 1671 614 1738 existat,
640 1684 679 1728 ne
698 1685 736 1729 ex
756 1670 871 1728 formae
893 1669 931 1729 tie
954 1676 1082 1744 utroque
1105 1670 1258 1732 conflatae

136 1755 316 1833 integritate
354 1754 506 1829 solvatur,
544 1756 625 1814 iusta
661 1754 754 1814 videri
789 1760 881 1829 queat
910 1758 985 1815 ratio
1015 1755 1158 1830 relativa,
1196 1774 1257 1832 qua

137 1839 330 1919 praecedere
367 1840 570 1901 substantiam
601 1840 692 1899 unius
722 1845 869 1914 tanquam
897 1843 991 1916 partis
1022 1842 1192 1902 secundum
1221 1859 1256 1903 se

139 1927 329 1997 existentem
357 1931 462 2001 putes,
493 1924 573 1999 quae
603 1924 642 1984 ad
666 1922 753 1985 'aliud
776 1927 945 1987 secundum
969 1917 1106 2006 naturam
1129 1929 1256 1989 irreluti·

138 2028 216 2077 vanu
245 2012 369 2079 omnino
398 2011 512 2071 babeat
539 2011 721 2082 unitionem,
752 2026 789 2069 ac
816 2019 977 2087 propterea
1007 2028 1164 2087 nunquam
1187 2030 1255 2073 cunr

138 2094 206 2159 alto
236 2096 274 2155 de
303 2098 524 2173 compositione
551 2096 676 2156 alterius
709 2095 868 2173 cuiusdam
899 2097 1076 2156 naturaliter
1092 2097 1257 2174 'compleat

139 2183 347 2245 substantiam
360 2224 367 2255 ,
399 2183 470 2256 quin
494 2181 524 2241 id
546 2181 599 2241 fiat
622 2198 691 2240 cum
715 2183 907 2258 corruptione
930 2187 960 2240 et
983 2183 1150 2242 mutatione
1171 2184 1202 2242 in
1226 2183 1255 2243 id

139 2269 226 2347 quoti
256 2285 317 2327 non
340 2273 416 2328 erat.
472 2266 559 2341 Quod
583 2268 663 2326 enim
687 2283 741 2342 per
761 2283 795 2326 se
818 2267 993 2344 singulatim
1017 2269 1255 2343 praeexistebat,

138 2348 173 2417 in
202 2354 329 2417 alterius
360 2353 520 2413 cuiusdam
550 2353 663 2428 speciei
686 2354 890 2413 substantiam
912 2352 1069 2413 transferri
1091 2370 1144 2429 per
1165 2358 1255 2414 natu·

138 2456 210 2501 ram
238 2456 300 2499 non
327 2444 439 2517 potest
490 2436 527 2497 'Si
555 2440 685 2511 veroin
716 2439 840 2498 alterius
864 2439 1253 2514 specieicomplemantum

139 2525 226 2603 quod
254 2518 481 2600 praeexistebat
509 2524 548 2599 ad
579 2524 660 2584 aliud
684 2525 934 2600 compositionem
957 2525 1099 2599 suscipit,
1130 2529 1182 2584 aut
1204 2540 1254 2585 se·

137 2610 276 2683 eundum
299 2614 439 2671 naturam
461 2609 542 2670 istud
566 2612 689 2670 omnino
711 2610 781 2669 iacit
803 2615 856 2670 aut
878 2615 984 2670 contra
1007 2615 1154 2670 naturam.
1185 2611 1254 2687 ‘Ac

138 2699 168 2757 si
198 2695 321 2770 quidem
352 2695 520 2756 secundum
544 2702 702 2770 naturam,
738 2712 893 2771 nunquam
917 2696 1064 2756 videbitur
1087 2711 1252 2756 cessarea
1311 2741 1314 2747 »

137 2783 362 2867 compositione
389 2781 533 2841 adalind
557 2796 635 2855 quae
658 2784 688 2841 in
712 2782 838 2845 alterius
861 2782 976 2858 speciei
997 2781 1253 2857 complementum

138 2870 211 2942 out,
243 2872 366 2945 propter
394 2867 456 2927 vim
485 2871 630 2942 naturae,
668 2883 747 2942 quae
776 2885 810 2928 se
839 2869 938 2943 ipsam
967 2867 1110 2933 deserere
1139 2869 1252 2943 nequit,

137 2958 236 3028 atque
265 2953 326 3023 bac
356 2953 475 3013 ratione
503 2968 561 3011 nec
589 2954 655 3013 sine
678 2969 805 3029 corpore
827 2955 944 3033 anima,
978 2969 1036 3013 nec
1059 2954 1126 3013 sine
1149 2954 1253 3014 anima

138 3055 256 3115 corpus
284 3052 421 3112 unquam
458 3038 645 3114 concipietur
678 3040 795 3115 animo,
835 3043 926 3114 atque
961 3038 1252 3114 intellegentissimis

137 3126 208 3186 istis
237 3125 389 3209 sapientia
416 3125 445 3187 in
478 3123 812 3189 stultitiamconversa
841 3129 903 3197 est,
938 3128 1071 3198 suntque
1100 3140 1136 3182 eo
1160 3123 1252 3183 delati

138 3210 319 3273 necessario
354 3209 435 3285 quod
472 3209 568 3270 vitare
602 3206 775 3271 studebant.
843 3209 882 3269 At
909 3209 940 3266 si
976 3213 1082 3268 contra
1111 3212 1252 3268 naturam

138 3296 270 3372 suscipit
296 3295 548 3373 compositionem
579 3295 617 3355 ad
646 3295 725 3355 aliud
755 3312 809 3371 pro
838 3294 961 3355 alterius
984 3294 1097 3369 speciei
1119 3293 1273 3371 comple*

138 3387 246 3443 mento
274 3381 451 3455 alterutrum
481 3381 606 3456 borum,
638 3382 839 3459 corrumpitur
866 3382 1005 3453 omnino,
1037 3379 1148 3457 quippe
1170 3380 1252 3455 quod

139 3466 220 3533 tinea
243 3472 372 3537 naturae
395 3465 588 3544 egrediatur,
620 3467 733 3541 fiatque
754 3466 784 3525 id
809 3466 890 3543 quod
913 3470 1023 3535 natura
1045 3471 1252 3540 comparatum

139 3568 205 3613 nou
229 3558 292 3627 est,
323 3557 357 3611 ut
380 3546 419 3612 sit'
441 3556 471 3611 et
493 3553 603 3613 evariat
626 3552 706 3626 quod
729 3569 790 3613 non
813 3557 888 3612 erat.
934 3550 999 3627 Quo
1021 3549 1093 3625 quid
1112 3549 1251 3609 stolidius

139 3653 215 3705 esse
236 3635 356 3714 possiti
407 3635 466 3696 Sed
490 3637 530 3697 ad
553 3640 739 3713 propositum
762 3642 958 3698 revertamur.
1011 3634 1141 3695 Animae
1161 3635 1253 3712 igitur

140 3723 317 3803 generatio,
349 3727 383 3782 ut
406 3723 448 3782 ait
471 3723 545 3783 scite
567 3725 727 3800 magister,
752 3739 791 3783 ex
818 3722 956 3783 subiecta
976 3721 1104 3780 materia
1127 3736 1187 3779 non
1209 3719 1252 3790 fit,

136 3802 401 3885 'quemadmodum
433 3823 574 3883 corpora,
609 3808 664 3868 sed
694 3807 849 3869 voluntate
878 3806 926 3865 dei
948 3822 1003 3884 per
1022 3806 1253 3881 inspirationem

140 3894 269 3975 vitalem
294 3892 485 3955 ineffabiliter
512 3898 542 3954 et
570 3893 661 3953 modo
693 3908 782 3967 quem
811 3895 889 3963 seire
919 3888 980 3951 non
1010 3907 1191 3969 possumus,
1219 3895 1255 3952 ut

141 3980 230 4043 novit
252 3980 338 4045 solus
359 3980 429 4038 eius
452 3977 597 4055 conditor.
642 3979 753 4038 Anima
776 3979 969 4045 existentiam
992 3993 1081 4038 suum
1099 3977 1254 4053 accipiens

139 4069 174 4133 ia
204 4064 404 4141 conceptione
433 4078 497 4123 una
526 4079 596 4125 curn
624 4079 749 4139 corpore
778 4064 818 4124 ad
845 4065 938 4124 unius
965 4061 1098 4122 hominis
1120 4060 1254 4139 comple·

138 4155 281 4225 ¹mentum
314 4150 432 4227 egitur,
469 4163 579 4224 corpus
607 4165 648 4209 ex
675 4149 812 4210 subiecta
840 4149 984 4218 materia,
1019 4147 1116 4208 attero
1145 4161 1254 4224 nempe

141 4350 167 4402 6.
187 4346 316 4415 πέφυκεν
334 4344 376 4405 ed.
395 4343 459 4403 Gau.
981 4406 1048 4468 2⁰*
