2752 4778
1185 216 1259 319 aas

146 395 214 473 prie
249 413 287 458 ac
323 413 396 458 vera
430 397 685 472 repraesentavit,
726 398 766 457 ad
799 401 848 459 sui
875 400 971 462 instar
999 403 1037 462 ab
1066 406 1147 464 omni
1174 408 1261 481 parte

145 485 295 565 ilgqratos
325 484 507 558 salvamque
536 482 602 543 eius
630 500 668 549 ae
694 487 835 558 prorsus·
851 487 1001 547 sinceram
1030 488 1194 566 imaginem
1216 491 1261 552 ie·

145 574 270 645 rentes,
302 571 350 631 cui
379 569 556 630 nullatenus
584 568 648 630 ulla
676 571 816 631 interitus
838 577 910 632 nota
932 573 1096 648 adhaeret,
1129 592 1261 653 cumque

145 657 238 717 nobis
267 661 449 732 propterque
478 672 535 715 nos
565 672 687 716 omnem
716 657 917 717 conditionem
939 675 994 734 per
1015 661 1133 721 medias
1155 668 1260 737 partes

144 749 182 803 ut
215 743 403 818 propriarum
436 744 565 818 partium
599 742 809 803 extremitates
837 745 1014 825 complexus
1044 747 1157 807 circum
1187 764 1257 809 sese

143 827 401 889 indissolubiliter
429 830 507 888 inter
535 845 569 887 se
598 830 758 888 innectens
787 829 962 904 paradisum
985 837 1016 892 et
1036 833 1143 892 orbern
1163 839 1260 895 terra·

142 930 232 990 ram,
254 915 373 975 eaelum
397 930 434 974 ao
458 920 584 988 terram,
608 916 765 975 sensibilia
786 920 817 975 et
838 916 1059 993 intellegibilis,
1089 925 1124 980 ut
1146 935 1258 996 corpus

144 1006 178 1061 ei
207 1017 333 1066 sensum
362 1007 393 1060 et
421 1002 554 1061 animam
583 1006 613 1059 et
642 1007 775 1062 mentem
807 1018 867 1062 non
896 1003 983 1064 aliter
1005 1018 1097 1078 quam
1119 1021 1177 1065 nos
1201 1007 1259 1082 ipsi

142 1087 283 1159 babens,
320 1088 429 1161 quibus
462 1095 496 1149 ut
524 1088 673 1162 partibus·
688 1089 897 1149 extremitates
927 1089 1057 1167 singulis
1087 1091 1266 1166 quibusque.

142 1188 222 1234 suas
252 1173 434 1251 generaliter
463 1179 612 1251 cognatas
635 1173 873 1235 accommodans
895 1175 988 1234 niodo
1010 1193 1104 1252 supra
1124 1177 1258 1238 indicato

277 1260 336 1320 deo
359 1261 577 1320 convenienter
599 1261 628 1318 ιιι
653 1262 851 1335 semetipsum
875 1261 1046 1339 recollegit,
1069 1279 1162 1323 unam
1186 1280 1258 1324 esse

134 1389 138 1395 -
220 1356 238 1406 a
318 1345 465 1407 stendeus
496 1346 714 1420 conditionem,
751 1346 1008 1421 quemadmodum
1038 1348 1132 1408 alium
1158 1348 1259 1411 homi·

222 1430 245 1505 ζ
310 1435 384 1505 tiam
408 1432 598 1509 singularum
623 1438 728 1492 mutuo
750 1434 829 1492 inter
850 1451 884 1493 se
902 1449 985 1493 nexu
1003 1440 1256 1511 consummatam,

265 1520 423 1579 sistentiae
443 1520 618 1596 integritate
641 1523 732 1593 atque
754 1519 971 1593 plenitudine
964 1537 995 1579 m
1016 1537 1050 1579 se
1070 1523 1170 1596 ipsam
1191 1538 1258 1582 ver-

139 1610 267 1685 gentem
298 1611 389 1679 atque
418 1605 630 1674 inclinantem,
659 1605 829 1665 secundum
859 1621 953 1665 unam
976 1610 1067 1681 atque
1089 1608 1257 1684 simplicem
1286 1646 1287 1650 =

139 1697 239 1766 atque
267 1690 403 1751 indefioit
392 1697 453 1751 tam
485 1695 515 1750 et
539 1689 708 1751 indifferent
695 1696 756 1750 tem
786 1691 825 1752 de
854 1709 942 1752 non·
928 1694 1117 1753 -existentia
1144 1694 1257 1770 produ-

138 1780 253 1840 ctionis
270 1778 500 1855 cogitationem,
525 1793 585 1852 qua
607 1793 699 1837 unam
723 1777 916 1853 eandemque
939 1784 1039 1853 potest
1060 1781 1160 1839 omnis
1183 1796 1258 1840 con·

139 1865 217 1930 ditio
239 1866 374 1949 recipere
397 1865 544 1924 rationem
565 1862 658 1938 plane
680 1863 902 1942 indistinctam,
932 1865 1044 1939 quad,
1052 1864 1117 1926 Non
1141 1865 1255 1926 fuisse‘

138 1953 228 2028 prius
254 1966 384 2026 quam,
383 1948 489 2009 iisse‘
519 1948 646 2008 babens
700 1948 819 2009 lievera
841 1951 953 2011 etenim
977 1952 1063 2010 sibi
1057 1953 1187 2012 invicem
1207 1969 1257 2012 se·

139 2037 276 2098 mindam
305 2036 447 2111 quioquid
477 2037 618 2109 omnino,
652 2036 742 2095 etiam
773 2037 799 2094 si
830 2052 891 2094 non
920 2037 1048 2111 ubique,
1080 2037 1260 2098 coincidunt

138 2137 346 2200 quaeeunque
374 2128 444 2198 post
471 2122 562 2181 deum
591 2125 665 2180 sunt
688 2122 932 2196 existentiasque
955 2138 1028 2182 suas
1050 2138 1105 2197 per
1126 2139 1256 2200 genera·
1292 2152 1294 2157 ·

138 2211 255 2272 tionem
278 2225 297 2269 a
318 2209 378 2269 deo
400 2209 528 2280 habeat,
553 2222 621 2266 oum
644 2223 745 2267 reram
766 2223 843 2281 quae
863 2209 1001 2267 existunt
1018 2208 1102 2268 nulla
1120 2211 1255 2279 omuino,

139 2311 183 2356 ne
203 2294 241 2356 ιιι
264 2296 384 2372 quidem
408 2295 544 2370 exceptis
568 2309 646 2367 quae
668 2293 788 2368 plurimi
810 2293 1022 2354 aestimandae
1045 2298 1130 2364 sant,
1160 2309 1256 2370 quae·

139 2396 203 2458 que
224 2387 386 2457 superant,
410 2397 428 2440 a
449 2379 584 2458 generali
603 2379 643 2439 ad
658 2394 814 2440 ‘summum
833 2380 961 2457 gradum
981 2382 1031 2456 qui
1049 2380 1155 2440 babitu
1172 2387 1257 2443 caret

138 2468 289 2541 relatione
317 2467 495 2528 naturaiiter
524 2467 619 2525 libera
642 2467 698 2540 sit,
731 2481 788 2525 nec
810 2481 911 2526 rerum
933 2467 1036 2540 utique
1059 2467 1254 2528 existentium
1337 2504 1340 2509 <

138 2571 182 2616 ne
209 2548 357 2614 vilissima
386 2554 507 2628 quidem
537 2553 575 2611 ab
605 2552 740 2629 generali
770 2558 800 2611 et
827 2558 955 2613 naturae
982 2558 1192 2614 consentanea
1213 2553 1258 2615 ad

139 2657 180 2703 ea
211 2638 292 2715 qaae
320 2639 468 2700 vilissima
498 2643 571 2699 sant
599 2638 746 2698 relatione
773 2637 955 2700 destituatur
977 2640 1102 2700 omniuo
1125 2643 1179 2699 aui
1200 2655 1255 2699 ex-

138 2743 212 2805 pers
234 2727 297 2788 iiet.
353 2725 561 2799 Quaecunque
585 2727 665 2784 enim
688 2725 817 2800 propriis
839 2726 1031 2800 peculiariter
1054 2730 1128 2785 sunt
1148 2724 1255 2786 disari-

140 2814 272 2874 minibus
301 2813 379 2872 inter
401 2828 436 2870 se
459 2812 619 2884 distincta,
650 2827 688 2870 ea
710 2811 904 2889 generalibus
927 2817 1019 2887 atque
1042 2813 1253 2872 communibus

138 2898 324 2978 generaliter
349 2898 555 2958 identitatibus
583 2902 656 2958 suat
683 2898 785 2972 unita,
821 2898 921 2973 adque
950 2899 1099 2959 unitatem
1129 2906 1159 2958 et
1186 2915 1255 2958 mu-

138 2993 228 3051 tuam
250 2985 328 3045 inter
350 2989 447 3045 semet
467 2985 656 3044 identitatem
679 2982 816 3060 generali
839 2984 972 3059 quadam
991 2986 1108 3044 ratione
1125 2988 1255 3045 naturae

139 3071 382 3149 compelluntur;
420 3071 464 3129 sic
485 3085 601 3147 genera
624 3068 827 3129 essentialiter
849 3070 907 3130 sibi
929 3071 1058 3131 invicem
1080 3071 1164 3129 unita
1187 3072 1255 3130 uni-

139 3164 253 3221 tatem
269 3157 384 3219 habent
419 3161 448 3217 et
477 3155 615 3215 identitat
571 3159 664 3215 tatem
694 3162 724 3216 et
750 3154 1001 3215 individuitatem.
1068 3153 1147 3213 Nihil
1175 3156 1255 3216 enim

138 3260 249 3309 eorum
279 3259 359 3318 quae
381 3242 569 3303 universalia
591 3246 664 3302 sunt
685 3247 715 3301 et
737 3240 1026 3324 comprehendentia
1048 3245 1078 3300 et
1100 3241 1256 3326 generalia

139 3331 206 3397 ullo
235 3330 326 3390 simul
356 3346 423 3390 cum
454 3330 499 3389 eis
527 3327 618 3389 modo
648 3327 793 3388 discernit
781 3331 829 3387 tur
857 3340 937 3427 quae
965 3317 1160 3403 particularia
1185 3332 1256 3387 sunt

141 3423 174 3479 ct
203 3415 428 3493 comprehensa
459 3420 487 3474 et
520 3413 676 3489 specialia.
728 3412 797 3473 Nori
824 3415 903 3477 enim
933 3412 1065 3488 amplius
1094 3413 1125 3472 id
1154 3418 1257 3488 potest

138 3502 288 3582 generale
319 3519 388 3581 esse
417 3500 500 3577 quod
529 3516 568 3568 ea
600 3515 680 3576 quae
708 3506 909 3560 secernuntur
938 3499 1083 3575 naturalit
1084 3515 1116 3557 er
1144 3515 1256 3576 eogere

140 3595 292 3665 nequeat,
322 3588 375 3650 sed
405 3604 468 3649 aaa
498 3603 567 3647 oum
595 3588 673 3664 ipsis
704 3587 888 3661 secernitur,
921 3591 951 3646 et
967 3585 1021 3644 'de
1043 3584 1255 3662 singularitate

140 3691 201 3737 sua
223 3679 254 3736 et
275 3676 391 3737 unitate
414 3672 553 3734 decedet.
599 3672 696 3733 Omne
716 3672 796 3732 enim
815 3672 958 3750 generale
974 3671 1144 3756 secundum
1166 3687 1255 3732 suam

138 3763 290 3824 rationem
312 3766 407 3834 totum
430 3757 651 3837 indivisibiliter
673 3759 704 3816 ιιι
727 3759 798 3819 totis
822 3759 879 3817 sibi
901 3759 958 3834 ipsi
981 3758 1125 3819 subiectis
1148 3757 1255 3835 singu-

139 3848 245 3909 lariter
274 3847 369 3920 inest,
408 3852 438 3906 et
467 3845 548 3921 qaod
578 3844 706 3922 singulis
740 3844 858 3919 privum
893 3850 940 3904 est
972 3849 1069 3905 tolum
1098 3848 1256 3918 spectatur

139 3933 335 4015 generaliter
393 3931 517 4010 Species
541 3935 642 3991 autem
665 3929 835 3995 secuudum
858 3939 957 4009 genus
979 3932 1092 4007 pariter
1115 3927 1257 3990 differen-

138 4022 203 4081 tiae
225 4021 373 4082 varietate
395 4019 477 4080 solut
464 4024 515 4078 tae
536 4021 673 4078 mutuam
697 4016 821 4091 rapiant
809 4016 925 4076 tident
913 4017 980 4077 tiiat
968 4022 1040 4077 tem.
1096 4015 1256 4077 ludividua

140 4123 217 4168 vero
246 4103 417 4168 seeundum
448 4105 578 4180 speciem
601 4108 739 4164 mutuam
762 4119 867 4162 seeum
889 4104 963 4178 ipsis
985 4098 1254 4179 congregationem

139 4193 295 4271 capientia
328 4208 423 4253 unam
458 4191 600 4265 idemque
634 4207 702 4250 cum
731 4190 807 4264 ipsis
837 4178 916 4249 inter
944 4204 1014 4249 sese
1043 4189 1154 4264 ubique
1181 4204 1255 4249 con-

139 4285 243 4352 stant,
273 4283 402 4338 naturae
431 4278 646 4338 communitate
674 4275 946 4336 immutabilitatem
978 4276 1085 4336 sortita
1113 4280 1144 4335 et
1172 4275 1255 4336 omni

139 4384 160 4428 a
184 4358 366 4430 diversitate
395 4365 576 4443 libertatem.
636 4362 813 4424 decidentia
837 4378 910 4422 vero
944 4360 1115 4424 seeundum
1152 4361 1255 4423 subie-
