2752 4778
211 195 261 270 80

211 378 352 461 σάματι,
388 376 442 457 την
469 377 583 485 πρός
579 375 616 441 τό
645 377 783 461 πάσχειν
809 400 843 440 τε
863 382 918 441 καί
940 380 1147 460 φθείρεσθαι
1169 382 1240 442 m
1245 377 1312 451 όλτς

211 462 366 532 λόεσθαι·
394 458 437 540 ὥς
458 459 583 544 δηλοῖ
569 490 586 542 η
605 485 668 528 των
689 465 814 546 νεκρῶν
818 461 1019 546 Πσωμάτων
1033 461 1231 613 περιγίνολίγ,
1224 460 1310 527 δεθε-

210 555 311 661 μένου
335 547 467 633 δίναμιν
495 548 574 614 κατὰ
604 547 641 613 τό
653 550 924 657 γεγραμμένον,
921 547 1000 613 Ὰότι
995 553 1059 612 καί
1080 576 1101 614 α
1137 575 1167 628 -η
1185 575 1208 628 η
1220 554 1312 623 κτίσις

210 634 348 719 ῦπετάγη
371 661 406 745 τη
394 630 545 744 6606*
567 630 626 719 οίγ
647 633 782 716 ἑκοῦσα,
795 629 883 699 6666
904 632 969 699 διά
979 632 1051 698 τόν
1043 628 1310 743 ῦπατάξιτνταίσ)

213 721 333 800 όλπίδι,
357 703 397 786 εί
407 746 440 786 τε
462 720 497 796 ἐξ
518 725 617 809 αρχῆς
637 720 716 786 κατά
738 719 922 804 πρόγνωσιν
939 718 1038 796 οῦτως
1056 713 1156 800 αῦτῆν
1154 724 1311 826 δημτειρ·

211 805 367 919 γηραντος
388 806 493 871 διά
459 832 516 885 την
533 813 780 917 προοραθεΐσαν
796 805 999 891 παράβασιν·
1029 806 1118 882 άςτε
1124 811 1172 894 τῷ
1180 805 1312 918 ἰ’τάσγειι

213 899 268 960 καὶ
296 896 480 959 κακοῦσθαι
509 889 549 957 δι’
577 891 685 973 αῦτῆς,
723 893 769 968 εἷς
796 891 1051 972 συναίσθησιι“
1039 896 1158 958 εαυτοῦ
1180 898 1242 958 καί
1256 894 1312 957 τ”σι

215 981 337 1046 οἷκείου
342 976 544 1087 άξιιόματος
572 978 700 1089 ἐλθεῖν,
732 984 787 1043 καὶ
815 975 984 1055 όσιτασίως
1006 974 1297 1055 καταδέξασθαι
1268 1002 1311 1056 την

212 1065 294 1152 πρός
316 1063 352 1130 τό
362 1070 507 1174 η,σῶμα
490 1072 544 1131 καὶ
567 1091 662 1144 αυτην
680 1063 906 1130 αποδιάθεσιν.
940 1067 1109 1171 Συγχωρεῖ
1121 1064 1186 1152 γὰρ
1205 1061 1225 1131 6
1243 1063 1310 1128 πόε-

214 1176 332 1258 σοφρς
340 1177 393 1230 της
414 1155 564 1256 ημετέρας
587 1155 666 1231 ζωῆς
682 1151 859 1262 προνοητης
877 1157 1018 1234 φυσικαῖς
1034 1156 1185 1259 χρῆσθαι
1202 1149 1311 1215 πολλό-

213 1263 263 1314 κις
290 1236 334 1303 ’τά
370 1237 541 1348 πράγματα
576 1248 647 1313 ταῖς
675 1237 809 1312 οἰκείαις
837 1233 954 1344 όρμαις
980 1236 1064 1322 πρός
1091 1235 1311 1346 σωφρονισμδι

213 1320 320 1408 ἡμῶν,
340 1320 457 1389 ἔσθΜ
442 1325 505 1403 όιτη
528 1327 590 1389 ταῖν
611 1323 766 1428 6666669
778 1319 857 1387 αότα
846 1321 1187 1435 μεταγειριζομένων
1203 1322 1312 1432 διδτῆς

213 1415 290 1514 περὶ
310 1405 389 1474 αῦτῦ
410 1415 465 1475 καὶ
487 1406 581 1484 όξ’
542 1414 645 1475 αυταῦν
666 1407 846 1515 σνγχῦσεαίς
868 1433 900 1473 τε
922 1415 976 1473 καὶ
997 1413 1156 1517 ταραχῆς,
1184 1408 1266 1492 πρός
1281 1403 1310 1472 τό

214 1493 292 1602 κρτά
315 1495 412 1578 φῦσιν
434 1493 570 1600 ἐραστόν
590 1492 809 1576 ἐπανάγων
774 1519 831 1559 τον
851 1498 928 1568 τέως
944 1492 1154 1578 ἀλόγιστον
1137 1501 1228 1580 ημῶν
1243 1490 1311 1580 πρός

214 1579 251 1646 τά
279 1580 423 1690 παρόντα
451 1581 565 1668 ἔρωτα.
619 1585 729 1664 Τριῶν
759 1579 826 1688 γάρ
849 1579 949 1645 όντων
977 1585 1168 1647 καθολικοῦν
1182 1581 1311 1687 τρόπον,

213 1663 294 1774 καθ’
324 1668 379 1744 οῦς
406 1693 487 1772 φασι
515 1670 722 1774 παιδευτικρῦς
751 1666 788 1731 τά
810 1661 946 1770 ἡμέτερα
968 1666 1123 1742 ἐξιᾶσθαι
1143 1666 1253 1747 πάθη,
1278 1659 1309 1730 6

213 1752 349 1820 ἑκάστου
342 1752 549 1864 τρόπου
525 1751 636 1838 σαφοῦς
663 1751 699 1818 τό
731 1758 788 1832 τῆς
816 1750 933 1832 ῦλης”
909 1779 1046 1861 ατιικτρν
1068 1750 1227 1830 εῦτάκτως
1244 1750 1310 1820 κατό

214 1839 269 1905 τόν
292 1834 370 1948 ὑπὲρ
393 1865 475 1922 ημας
496 1846 550 1905 καὶ
571 1845 736 1946 κρείττονα
753 1836 852 1920 λόγον
872 1837 956 1921 πρός
984 1837 1021 1903 τό
1051 1839 1252 1925 ἐγνωσμένον
1275 1840 1312 1923 τηῦ

213 1929 284 2013 θεῳ
311 1922 539 2032 άγαθοπρεπιὲς
567 1918 768 2038 ιξιτοτὲλεσμα
796 1928 1029 2026 κυβερνωμένης
1056 1929 1110 2005 τῆς
1140 1932 1238 2006 κακῆς
1261 1926 1312 1989 τόν

214 1990 332 2076 παθῶν
360 2008 592 2096 άχθηδόνος”
559 2038 652 2121 ιιιμα
673 2017 809 2077 τίθεται
854 2008 898 2074 Ἠ
913 2009 996 2123 γάρ
999 2015 1061 2076 ταῦν
1082 2009 1312 2125 προγεγονότων

215 2097 447 2204 ἁμαρτημάτων
475 2096 590 2178 ποινὴν
618 2096 866 2208 άπαιτοῦμενρι,
900 2123 943 2161 ωυ
976 2097 1053 2174 ἴσως
1082 2097 1154 2164 οῦδ
1178 2098 1312 2186 ίγνοςτη

188 2183 317 2290 .,μνη’μη
347 2187 610 2292 παρακατέχομεν
628 2184 633 2269 Ι
653 2182 705 2248 διά
735 2182 791 2262 τῆν
811 2180 959 2266 ἄγνοιαν,
994 2182 1090 2294 τυχόν
1111 2189 1149 2251 66
1171 2189 1226 2251 καὶ
1245 2208 1312 2288 μνη·

213 2269 400 2381 μονεῦοντες
414 2269 468 2380 166
483 2274 617 2337 δέουσαν
633 2280 700 2378 τρίς
713 2274 986 2352 πλημμεληθεῖσιν
1000 2267 1217 2375 άντιθηκαῦσαι
1235 2267 1312 2351 διόρ-

215 2361 324 2423 θωσιν
346 2354 402 2422 οῦκ
424 2354 668 2442 άνεχόμεθα,’
649 2383 665 2434 η
687 2383 730 2439 μη
719 2353 960 2467 θέλοντες,’
942 2382 979 2434 ην
999 2356 1042 2439 μη
1066 2350 1249 2443 ἶσχάοκτες,
1268 2353 1312 2420 διό

217 2442 270 2523 τὴν
298 2443 500 2551 ἐγγενομένην
528 2442 652 2518 ἕξιν
615 2467 668 2522 της
689 2444 816 2520 κακίας,
849 2440 868 2521 6
891 2440 944 2520 τῆν
965 2437 1141 2509 ἀσθένειαν
1162 2440 1312 2525 καθαιρό·

215 2528 367 2638 μεθα,’
354 2525 373 2608 6
402 2528 571 2610 παροῦσάν
592 2554 624 2594 τε
647 2533 701 2593 καὶ
727 2531 899 2612 νεμομένην
920 2536 1034 2594 κακίαν
1055 2527 1312 2634 διτοβαλλόμεθρ,

218 2620 272 2681 καὶ
293 2612 376 2697 πρός
396 2612 574 2694 διαστολὴν
595 2616 649 2725 τῆς
669 2615 847 2723 μελλούσης
868 2614 948 2679 ἶδειν
969 2608 1312 2724 προδιδασκόμεθα,ἢ

55 2733 91 2772 τι.
101 2733 126 2768 ο
130 2732 135 2766 ι
151 2741 170 2778 μ
176 2723 211 2773 ετ,
203 2708 386 2812 ,καρτερίας
413 2698 543 2810 α’ρίστης
570 2706 624 2765 καὶ
653 2697 816 2808 εῦσεβοῦς
826 2697 974 2785 όυόρείας
994 2700 1175 2807 υπόδειγμα
1197 2708 1312 2786 θαυμα-

218 2811 296 2854 στου
332 2797 400 2862 τοῖς
433 2784 544 2863 ἄλλοις
578 2783 765 2870 όνθράποις
793 2784 891 2863 άλλος
917 2793 1111 2898 προτίθεται
1139 2786 1312 2874 όίνθρωιτος,

131 2884 134 2889 ’
217 2870 316 2982 όνπερ
346 2864 515 2982 ῦιγηλος’
495 2900 512 2960 η
541 2871 596 2953 την
617 2871 764 2939 διάνοιαν
785 2871 916 2952 καλιὴν
937 2872 1050 2981 696166
1072 2873 1239 2954 ἐπίδοξος,
1268 2875 1312 2939 καί

218 2956 328 3036 ἱκανός
348 2956 422 3024 66‘
410 2962 524 3024 εαυτοῦ
544 2984 580 3050 τη
569 2955 763 3046 ”όκλονη’τῳ
782 2957 865 3068 πρός
882 2958 919 3025 τό
938 2959 1024 3026 δεινά
1043 2966 1213 3050 συμπλοκ
1230 2962 1312 3046 φατε·

218 3049 320 3130 ροῦσαν
349 3043 404 3125 τὴν
431 3048 507 3122 τέως
533 3048 746 3130 κεκρυμμένην
774 3042 938 3124 ἀλήθειαν.
988 3052 1155 3133 Παραινεΐ
1181 3072 1239 3113 ουν
1256 3055 1312 3118 τοῖς

216 3127 357 3241 μηδὲνε
341 3136 420 3217 υπὲρ
450 3130 505 3213 την
520 3136 694 3237 παροῦσαν
716 3130 794 3211 ζωῆν
816 3135 1021 3198 διανοεῖσθαι
1045 3136 1249 3243 δυναμένοις,
1279 3125 1312 3216 μό

217 3214 383 3307 θαρροῦσι
411 3222 449 3307 τῇ
478 3222 535 3284 τοῦ
563 3217 712 3321 σώματος
739 3214 855 3325 ῦγείηι,
873 3225 926 3283 καὶ
956 3224 999 3306 τῷ
1020 3218 1100 3284 κατά
1115 3216 1204 3330 ῥοῦν
1225 3236 1312 3305 φερε

216 3308 300 3394 μόνῳ
329 3309 390 3369 ταῦν
417 3303 611 3413 πραγμάτων
639 3301 781 3412 δρόμιρ
778 3302 858 3369 κατά
886 3309 948 3370 τάν
969 3306 1089 3371 τούτων
1111 3305 1312 3412 ἐστερημέναι

219 3391 430 3474 ἐπαίρεσθαι,
459 3386 561 3468 ἕως
545 3418 561 3470 η
591 3394 746 3501 παροῦσα
767 3389 909 3469 ἐνέστηκε
929 3388 1013 3501 6663
1038 3399 1092 3457 καὶ
1116 3389 1173 3472 την
1194 3387 1312 3502 φθορόι

218 3484 414 3588 περίκεινται
431 3476 560 3557 ταῦτην,
582 3482 656 3562 περὶ
675 3501 712 3555 ην
729 3504 745 3556 η
767 3477 866 3562 τροπη
884 3483 938 3542 καὶ
956 3506 974 3557 η
962 3473 1186 3558 ἀλλοίωσις,
1208 3475 1312 3557 όδῆλοι

220 3561 313 3641 όντος
341 3568 396 3629 τοῦ
423 3569 457 3628 τί
483 3563 517 3629 ἐκ
538 3566 593 3643 τῆς
614 3566 672 3627 τοῦ
692 3560 863 3672 σώματος
859 3569 914 3627 καὶ
935 3568 998 3628 τῶν
1019 3563 1110 3641 ἐντός
1130 3564 1312 3669 πραγμότιω

218 3647 401 3763 άνωμαλίας
428 3675 461 3715 τε
490 3655 545 3714 καὶ
568 3652 715 3758 ταραχῆς
741 3654 796 3713 καὶ
824 3645 933 3724 αῦτοῖς
947 3649 1162 3761 συμβησεται.
1219 3652 1312 3753 Τοῦτρ

217 3733 279 3822 γάρ
303 3730 396 3845 οἶμαι
417 3738 521 3842 λέγειν
540 3731 637 3800 αῦτόν
658 3733 712 3799 διὰ
734 3738 808 3806 τοῦ,
841 3733 961 3809 ε’λῖως
940 3762 980 3800 αν
1000 3742 1056 3801 καὶ
1077 3733 1153 3822 παρ’
1177 3729 1312 3817 ἑαυτῆςῆ

218 3824 274 3903 ῦλη
304 3826 383 3910 φάρη
412 3818 448 3885 τό
472 3818 624 3896 ἄτακτον,
653 3815 724 3885 άντὶ
752 3824 825 3900 τοῦ,
854 3819 982 3897 “Ἐως’
961 3848 1001 3886 αν
1031 3818 1093 3888 ῦπό
1113 3822 1251 3928 ’φθοράν
1270 3824 1312 3888 κει

218 3906 428 3974 άλλοίωσιν
414 3913 482 3973 εστὶ
504 3912 597 3973 τοῦτο
620 3905 656 3971 τό
679 3909 759 3984 πάν,
781 3911 835 3971 καὶ
857 3905 894 3971 τό
916 3912 1008 3991 σῶμα
1030 3913 1085 3988 τῆς
1105 3907 1312 3980 ταπεινώσεως

219 3999 450 4080 περικείμεθα,
478 3999 532 4059 καί
554 3993 632 4068 ἶσως
652 4003 718 4068 τοις
740 3991 773 4067 ἐξ
795 3988 893 4056 αῦτοῦ
914 3992 1023 4100 66
989 4021 1044 4073 την
1065 3994 1210 4104 ἔμφυτον
1227 3993 1312 4061 άσθό

219 4106 307 4147 νειαν
327 4077 544 4187 πολυτρόποις
562 4090 688 4187 κρικρΐς
690 4075 903 4155 ῦποκείμεθα·
925 4077 967 4187 μη
986 4106 1045 4145 κατ
1070 4079 1247 4162 άλληλων
1233 4107 1312 4148 επιιι-

56 4201 84 4241 ο
87 4201 105 4240 ι
120 4196 179 4240 ιιεε
193 4200 212 4239 ι
219 4165 353 4255 ρωμεθα
374 4163 427 4230 διό
450 4162 504 4244 τὴν
525 4170 599 4249 περὶ
622 4160 704 4248 ἤμάς
724 4159 905 4244 ἀνισότητα,
918 4161 956 4251 λ
936 4165 1017 4231 αλλὰ
1036 4173 1163 4250 μᾶλλον
1180 4169 1312 4254 σώφρονι

224 4272 495 4287 ..ffl-

289 4304 331 4359 73.
350 4299 495 4371 δερμάτων
512 4303 569 4353 οοδ.
584 4301 650 4353 Gud.
679 4299 732 4351 sed
750 4299 841 4351 eadem
860 4314 951 4351 manus
969 4301 1068 4367 syllaba
1088 4317 1131 4354 τω
1146 4306 1312 4372 εαρετεοτίρτι

219 4370 358 4442 σωμάτων
376 4372 556 4440 reponendum
574 4385 632 4420 εεεε
651 4370 781 4420 indicavit.
