2768 4784
1164 222 1237 306 tta

129 428 188 473 nec
217 412 452 473 immortalitatis
480 418 564 471 esset
595 429 725 489 expers,
765 430 821 474 nec
853 413 979 476 baberet
1006 416 1160 479 interitum
1189 421 1239 494 qui

129 515 213 558 nune
244 514 313 559 eum
342 498 472 560 stimulis
502 500 653 575 exagitat,
685 515 789 558 verum
820 498 903 559 aliud
933 502 1071 562 nimirum
1095 503 1237 565 idoneum

129 587 187 662 ipsi
207 585 343 662 corporis
363 590 654 662 temperamentum,
677 586 877 646 concordibus
899 588 1146 663 simplicibusque
1165 600 1241 665 qun·

130 671 265 732 litutlbus
301 674 507 732 constrictum.
575 668 749 732 Secundum
787 672 866 747 quod
903 675 1003 745 nudus
1034 682 1098 735 erat
1125 678 1239 751 primus

131 759 240 827 boma,
265 771 325 818 non
349 760 436 833 quasi
460 759 528 818 sine
549 773 642 818 carne
660 774 698 818 oe
716 774 857 833 corpore,
881 759 936 820 sed
954 766 988 821 ut
1006 763 1140 821 crassius
1159 760 1241 838 quod

133 861 255 904 carnem
284 844 388 920 ellioit,
420 842 578 905 mortalem
602 851 631 905 et
654 844 778 922 duram,
807 850 1080 920 temperamentum
1104 865 1165 908 non
1185 848 1242 909 ba-

133 933 216 991 bens.
272 929 448 992 Secundum
476 947 621 1007 magnum
652 930 733 990 lrunc
763 930 917 991 doctorem
948 939 1031 992 certe
1059 934 1179 994 virebat
1199 935 1241 996 ita

132 1024 166 1078 ut
194 1020 277 1078 bona
308 1019 443 1094 corporis
476 1019 542 1075 eins
564 1016 711 1076 habitudo
736 1017 900 1090 naturalis,
932 1034 992 1094 qua
1015 1020 1111 1079 semel
1133 1037 1241 1081 essen·

133 1103 241 1164 tialiter
263 1111 347 1164 esset
369 1105 555 1180 impertitus,
587 1119 649 1162 non
672 1110 888 1174 evanesceret,
918 1111 1011 1178 utque
1031 1107 1097 1182 ipse
1120 1107 1242 1186 integuss

133 1197 235 1249 mento
261 1206 323 1250 uon
347 1195 467 1267 egeret,
498 1205 565 1250 cum
590 1189 682 1250 nullis
705 1190 899 1265 passionibus
921 1192 1071 1250 obnoxius
1093 1192 1240 1267 pudorem

132 1276 213 1338 baud
239 1281 407 1348 metueret,
438 1292 538 1351 neque
565 1274 726 1352 frigoribus
749 1282 778 1337 et
799 1277 946 1336 aestubus
969 1278 1133 1338 subiectus¹
1148 1282 1240 1349 esset,

131 1380 260 1438 quorum
283 1364 419 1438 inprimis
443 1379 539 1422 causa
559 1361 704 1421 domuum
725 1366 755 1422 et
774 1364 1023 1423 vestimentorum
1041 1364 1241 1442 integumenti

132 1450 324 1510 consuetudo
348 1451 386 1508 ab
408 1449 584 1509 hominibus
607 1449 780 1525 excogitata
804 1455 859 1508 est.

133 1719 262 1794 Altera
288 1719 335 1794 de
359 1720 488 1794 eodem
513 1719 596 1795 loeo
622 1720 891 1819 contemplatio.

240 1882 296 1944 Vel
324 1883 457 1944 tortasse
484 1885 573 1944 etiam
599 1901 640 1951 ,ex
671 1888 716 1945 eis
745 1901 825 1959 quae
856 1886 944 1944 bodie
972 1887 1001 1943 in
1027 1885 1149 1944 homine
1171 1903 1241 1962 spe·

132 1974 254 2031 olantur
276 1969 550 2047 comprehensione
573 1987 677 2031 eorum
701 1987 780 2045 quae
800 1986 880 2029 nnnc
898 1973 928 2030 in
950 1988 986 2030 eo
1005 1977 1078 2030 sunt
1094 1971 1242 2042 Instituta,

134 2057 280 2134 magister
302 2055 452 2133 significat
475 2073 511 2115 ea
535 2072 613 2131 quae
636 2063 698 2116 tum
721 2059 750 2116 in
776 2073 812 2115 eo
833 2057 952 2116 luerint.
1005 2056 1140 2115 blovelur
1162 2055 1254 2119 enim'

134 2158 215 2203 nunc
253 2141 359 2212 bomo,
395 2143 443 2202 vel
480 2144 561 2203 circa
596 2144 739 2221 figmenta
769 2142 953 2202 irrationalia
981 2143 1161 2217 passionum
1190 2159 1243 2219 per

136 2227 274 2288 lruudem
296 2229 459 2304 voluptatis
481 2229 621 2304 cupidine
636 2229 795 2302 inductus,
820 2228 866 2288 vel
886 2230 964 2288 circa
982 2231 1115 2288 rationes
1133 2230 1242 2290 artium

136 2331 174 2374 ex
205 2310 432 2375 circumstantia
459 2315 586 2376 utilitate
608 2317 768 2391 invitatus,
800 2315 847 2374 vel
870 2316 950 2374 circa
973 2315 1129 2375 naturales
1152 2316 1243 2377 ratio·

135 2417 191 2461 nes
215 2418 253 2460 ex
276 2400 344 2478 lege
367 2407 494 2462 naturae
517 2404 697 2480 cognitionis
720 2404 834 2479 gratia,
860 2416 986 2474 quorum
1008 2401 1079 2459 nibil
1104 2401 1243 2461 videlieet

135 2489 163 2546 in
199 2489 345 2564 principio
380 2488 549 2563 hominem,
593 2491 685 2549 rebus
722 2490 862 2548 omnibus
898 2489 1085 2562 superiorem
1119 2487 1241 2558 lactum,

136 2575 330 2634 necessitatis
358 2575 479 2634 vinculo
509 2575 657 2635 trahebat.
721 2574 877 2635 Eiusmodi
905 2575 1015 2633 etenim
1045 2575 1245 2635 conveniebat

136 2677 207 2721 esse
238 2660 403 2736 principem
434 2661 603 2736 hominem,
639 2667 673 2722 ut
700 2677 826 2736 prorsus
853 2662 890 2720 ab
919 2659 1001 2721 nullo
1030 2676 1133 2721 eornm
1165 2675 1243 2735 qnae

137 2753 190 2807 aut
220 2749 357 2806 subiecta
380 2748 436 2806 sibi
460 2754 514 2807 aut
536 2749 648 2806 circum
674 2764 744 2806 sese
767 2749 889 2807 iuxtave
911 2746 1038 2807 haberet
1060 2741 1245 2807 distralrere·

137 2839 201 2906 tur,
232 2833 325 2893 etad
348 2833 561 2908 perlectionem
585 2851 647 2893 uno
670 2834 768 2894 solum
792 2834 957 2910 indigeret,
991 2833 1021 2893 id
1044 2839 1091 2893 est
1112 2835 1245 2893 motione

136 2919 175 2979 ad
210 2936 281 2980 eum
318 2922 368 2993 qui
402 2919 557 2980 bominem
592 2927 733 2995 superat,
771 2921 862 2980 deum
899 2921 1039 2993 inquam,
1074 2919 1244 2979 secundum

137 3020 259 3067 omnem
282 3007 413 3067 caritatis
437 3007 496 3066 vim
519 3009 687 3066 irrevocata
712 3012 803 3082 utque
825 3007 956 3070 victrice.
1002 3007 1077 3065 Cum
1095 3007 1174 3064 enim
1192 3021 1244 3081 per

138 3094 266 3169 gratiam
289 3093 486 3168 passionibus
509 3095 660 3153 obnoxius
678 3093 769 3152 nullis
789 3099 886 3165 esset,
910 3091 1048 3151 fraudem
1066 3093 1245 3166 passionum

137 3195 239 3240 rerum
267 3179 402 3240 inanium
431 3179 533 3240 studio
563 3196 623 3238 non
653 3179 791 3253 admisit;
826 3185 947 3238 etcum
971 3176 1063 3236 nihilo
1085 3178 1244 3254 indigeret,

136 3266 249 3326 artium
272 3280 392 3341 quoque
414 3267 453 3326 ab
476 3266 588 3326 intesta
610 3271 733 3341 propter
753 3265 948 3343 indigentiam
972 3264 1155 3324 necessitate
1174 3264 1246 3323 liber

137 3353 207 3427 aaa
237 3358 268 3412 et
289 3368 358 3412 oum
376 3354 501 3429 sapiens
520 3357 619 3424 esset,
652 3359 780 3412 naturae
798 3350 1052 3425 contemplatione
1072 3356 1137 3410 erat
1154 3366 1244 3425 supe·

137 3440 197 3503 rior
225 3437 325 3498 tactus
355 3454 409 3514 per
438 3440 650 3516 cognitionem.
707 3438 786 3498 Nihil
816 3455 891 3516 ergo
919 3438 1034 3512 primus
1056 3434 1147 3495 bomo
1169 3438 1246 3496 inter

138 3525 228 3586 deum
253 3530 283 3585 et
306 3526 502 3601 semetipsum
525 3524 656 3585 habebat
678 3525 717 3584 ad
739 3527 895 3584 scientiam
915 3524 1081 3597 obiectum,
1105 3523 1245 3597 quodque

137 3627 226 3671 snam
250 3628 304 3686 per
327 3615 484 3672 caritatem
508 3611 710 3672 voluntariam
733 3611 900 3671 secundeum
919 3611 1081 3669 motionem
1099 3609 1136 3667 ud
1156 3608 1246 3668 deum

138 3697 272 3758 laturam
295 3699 454 3772 impediret
476 3700 707 3774 cognationem,
730 3697 893 3758 etidcirco
917 3695 1027 3767 ,nudus
1046 3695 1246 3770 simplicitate‘

138 3800 156 3842 a
187 3785 335 3861 magistro
365 3790 412 3842 est
441 3775 629 3858 appellatus,
660 3788 764 3858 utpote
788 3783 925 3858 superior
947 3781 1075 3841 naturali
1097 3780 1246 3841 desiderio
1328 3845 1330 3848 ,

138 3870 239 3930 lactus
267 3871 365 3942 omni,
396 3875 426 3928 et
456 3871 528 3940 ,vita
550 3871 675 3930 artificio
699 3875 822 3930 carente
832 3875 849 3941 ²,
879 3873 984 3943 utpote
1011 3868 1093 3926 omni
1115 3868 1177 3927 vita
1197 3882 1247 3926 ar·

138 3957 220 4016 tibus
250 3955 407 4031 indigente
436 3971 546 4029 pttttlS,
576 3962 606 4015 et
636 3957 752 4029 ,omnis
782 3955 981 4032 integumenti
1012 3960 1043 4011 et
1068 3954 1246 4013 munimenti

139 4047 279 4117 expers‚‘
313 4043 425 4116 quippe
454 4042 505 4115 qui
533 4042 607 4099 liber
635 4048 700 4100 erat
721 4057 740 4101 a
763 4042 954 4101 connexione
977 4037 1134 4100 affectibus
1156 4039 1247 4115 plena

139 4140 286 4189 sensuum
317 4142 385 4187 cum
415 4127 626 4197 sensibilibus,
660 4128 770 4201 quibus
799 4134 906 4202 postea
935 4132 982 4185 est
1003 4126 1067 4184 iure
1089 4127 1245 4199 subactus,

140 4229 209 4275 oum
246 4212 395 4275 delectum
431 4229 543 4288 passus
579 4220 677 4287 esset,
715 4229 753 4274 ac
785 4214 853 4274 loco
886 4211 1082 4288 plenitudinis
1111 4215 1246 4273 omnium

140 4298 323 4360 vacuitatem
352 4305 461 4401 sponte
485 4299 660 4375 maluisset,
692 4300 811 4361 interior
834 4298 969 4359 redditus
993 4298 1100 4372 quibus
1124 4304 1246 4358 natura-

140 4387 207 4447 llter
229 4392 300 4446 ante
323 4387 462 4462 superior
483 4391 555 4445 erat
976 4468 1046 4531 w
