2768 4784
1129 185 1201 261 tat

108 372 212 435 beavit
241 373 369 435 ettad
397 389 476 450 quos
504 379 623 452 spectat
650 391 770 451 sermo,
802 371 951 452 siquidem
981 375 1079 435 omnis
1101 388 1204 434 sermo

108 458 576 538 or·1mgnom.er.appettotur
604 467 635 523 et
662 463 826 538 protertur,
868 467 958 535 atque
986 476 1042 536 per
1069 460 1205 543 auditum
1239 520 1246 533 ,

108 545 291 624 meditatur
307 552 338 610 et
359 546 512 628 ediscitur.
556 547 621 609 lam
643 552 669 609 si
690 551 783 610 etiam
805 548 988 609 adulterum
1003 562 1207 624 quoquepro·

108 633 236 701 aaron.
249 634 391 710 excipere
411 634 553 708 volumus
575 635 664 710 illud,
696 635 882 711 ‚Prurientes
904 634 1011 695 auditu
1032 639 1063 695 et
1083 634 1206 712 lingua‘

108 720 226 782 ¹nutasse
245 725 344 783 erunt
372 722 423 796 qui
451 721 552 791 solum
582 722 623 783 ad
651 723 832 800 vituperium
855 722 983 782 aliorum
1006 726 1038 781 et
1056 720 1208 786 obtrecta-

108 804 476 884 iatmraeatumniamque
495 807 685 871 audiendam
707 814 738 869 et
759 808 970 886 proferendam
989 807 1153 883 inclinant,
1168 811 1208 865 ,et

108 899 202 955 unua
221 895 371 969 quemvis
394 896 460 956 sire
476 911 656 956 sermonem
680 897 744 956 sive
766 897 920 956 hominem
943 895 1080 970 imperite
1102 899 1133 954 et
1153 909 1207 952 ru·

108 981 178 1050 tice:
192 979 381 1051 machaera
395 987 566 1043 ,venustum
591 989 620 1043 et
642 982 776 1059 lepidum
799 981 950 1055 indicant,
972 975 1009 1042 ac
1030 983 1209 1057 priusquam

108 1068 203 1143 aqui
228 1067 391 1144 sibiipsis
413 1075 578 1145 suspectus
601 1075 666 1146 est,
697 1069 745 1131 vel
768 1071 816 1130 cui
839 1067 991 1142 invident,
1021 1066 1139 1142 'aliquid
1163 1064 1208 1124 di·

108 1148 172 1230 tot).
188 1154 299 1229 spiritu
322 1155 466 1233 exultem
492 1161 523 1216 et
544 1155 639 1217 veluti
659 1158 792 1216 animam
814 1153 989 1232 propellunt
1009 1154 1208 1228 auditumque
1326 1202 1330 1213 .

108 1246 282 1317 praeparant
308 1247 339 1303 et
366 1240 503 1321 linguam
532 1243 574 1303 ad
602 1243 753 1319 syllabam
782 1242 914 1319 aliquam
944 1241 992 1301 rel
1021 1241 1207 1301 locutionem

108 1326 285 1403 mundam,
314 1344 375 1389 non
398 1344 459 1405 quo
481 1329 598 1390 laetitia
619 1335 650 1390 et
672 1330 824 1390 hilaritate
848 1329 940 1390 animi
968 1327 1116 1403 afficiant,
1153 1324 1207 1384 sed

108 1414 304 1488 tigiqiuriam
330 1414 462 1476 interant
490 1417 711 1491 materiamque
740 1432 816 1477 suae
845 1414 1034 1492 petulantiae
1062 1414 1207 1474 habeant.

108 1496 132 1561 id
151 1499 236 1575 quod
257 1500 329 1577 huic
351 1508 459 1563 sancto
480 1503 546 1563 viro
568 1503 677 1563 accidit
698 1502 749 1562 illo
771 1507 909 1578 tempore
932 1503 971 1562 ab
993 1501 1130 1560 veritatis
1152 1499 1209 1557 ini-

108 1586 199 1658 micis,
231 1587 383 1657 cimmerii
410 1590 462 1665 qui
492 1589 669 1666 prosiliunt,
699 1595 729 1651 et
758 1589 807 1650 vel
834 1590 1013 1664 priusquam
1036 1586 1208 1660 dictasint,

108 1676 137 1733 it
154 1674 260 1734 serbis
289 1691 398 1736 ansam
428 1682 459 1737 et
488 1677 681 1737 occasionem
710 1693 745 1737 se
767 1676 913 1736 incitandi
935 1677 1068 1750 arripere
1091 1673 1208 1746 solent;

108 1762 141 1821 tt.
160 1758 288 1823 modum
323 1775 470 1836 equorum
507 1763 687 1824 bellatorum
724 1762 933 1837 celatamque,
971 1762 1023 1835 qui
1056 1758 1104 1820 vel
1137 1763 1209 1820 ante

108 1849 252 1908 esttamen
287 1852 318 1909 et
353 1849 459 1909 tubam
495 1865 585 1911 aures
619 1851 758 1928 arrigunt
784 1853 814 1910 et
842 1848 970 1926 pedibus
1000 1851 1112 1908 terram
1141 1844 1210 1921 pul-

108 1937 169 1995 unt
194 1939 229 2002 et
247 1933 377 2012 ungulis
406 1935 538 2007 fodiunt,
582 1941 613 1996 et
641 1936 679 1997 ad
709 1951 833 1997 cursum
863 1952 898 1996 se
932 1934 1058 1995 incitant
1091 1938 1121 1993 et
1153 1931 1210 1990 fla·

108 2017 212 2099 plum
245 2020 407 2099 instigans·
433 2022 518 2083 haud
549 2038 620 2082 raro
649 2026 859 2097 antevortunt3
896 2020 954 2080 nisi
983 2020 1064 2095 quod
1092 2017 1208 2078 nullum

108 2119 215 2181 arquos,
251 2107 322 2182 quia
356 2107 482 2169 rationis
520 2114 592 2169 sunt
626 2115 785 2186 expertes,
821 2106 1145 2183 vituperium‘tangit,
1183 2103 1210 2161 si

108 2191 235 2269 wtimu
264 2195 462 2262 renominum
491 2200 628 2274 ternpore
658 2212 718 2255 non
748 2199 912 2271 expectant
934 2208 1013 2270 quae
1041 2192 1134 2254 tubae
1157 2204 1208 2249 so·

108 2278 216 2350 tibi-at
235 2279 348 2362 tingatli
370 2282 433 2342 ictu
447 2283 681 2360 significantur,
718 2282 797 2343 tales
820 2285 925 2341 eontra
948 2281 1003 2340 viri
1023 2279 1107 2340 nullo
1132 2277 1209 2336 vitu·

108 2366 181 2441 tario
215 2373 346 2442 possum
378 2367 420 2428 ad
452 2385 540 2429 suam
569 2370 735 2444 nequitiam
763 2367 985 2429 aestimandam
1014 2363 1209 2427 commoveri.

108 2448 260 2531 Qudnam
283 2455 331 2514 eis
359 2459 390 2515 et
417 2450 556 2517 studium
580 2461 629 2516 est
658 2455 807 2517 mandacii
836 2454 990 2514 meditatio
1021 2458 1052 2515 et
1073 2450 1209 2513 veritatis

108 2542 299 2617 upugnouo.
364 2539 473 2614 Quare
499 2543 606 2603 merito
642 2541 792 2603 eiusmodi
827 2542 1015 2617 ,prurientes
1044 2539 1151 2599 auditu
1179 2540 1211 2596 et

108 2623 227 2703 itrgtua‘¹
251 2625 408 2699 dicantur,
443 2637 606 2706 propterea
632 2629 714 2705 quod
743 2633 775 2690 ut
806 2628 898 2705 aliqui
931 2643 1044 2688 succus
1077 2625 1210 2686 acerbis·

108 2710 258 2775 tuaest
284 2715 512 2787 crassissimus,
552 2717 602 2791 qui
634 2717 664 2775 in
699 2716 835 2793 corporis
868 2714 1018 2792 profundo
1050 2710 1211 2780 delitescit,

108 2792 183 2870 itud
210 2814 294 2860 :raro
328 2816 383 2876 per
398 2804 610 2880 pruriginem
625 2802 760 2864 irritatus
790 2804 818 2862 in
851 2807 990 2881 apertum
1019 2804 1211 2876 provocatur,

108 2880 260 2947 Mettum
281 2886 341 2948 hos
363 2888 511 2949 bonorum
534 2904 713 2949 sermonum
734 2891 952 2951 obtrectatores
974 2887 1095 2949 occulta
1117 2898 1211 2960 quae·

108 2964 333 3045 bla2altectio,
361 2979 523 3049 postquam
554 2990 664 3035 ansam
694 2977 902 3052 arripuerunt,
933 2973 972 3036 ad
1002 2975 1124 3035 animae
1145 2986 1211 3033 ma·

108 3050 271 3135 kniwtem
305 3061 337 3119 in
373 3060 526 3136 publicum
560 3061 764 3122 evomendum
794 3063 957 3138 praecipue
985 3061 1097 3129 irritat,
1132 3071 1212 3134 quae

108 3138 222 3207 mtto
249 3149 335 3207 tanto
363 3145 542 3222 profundius
572 3147 660 3208 sedet
688 3153 801 3223 quanto
824 3164 972 3224 processu
994 3162 1052 3208 suo
1075 3143 1214 3204 videatur

108 3224 264 3293 debilitari.
307 3231 425 3293 Etenim
448 3249 509 3306 non
532 3233 651 3294 excedit
673 3234 712 3294 de
732 3234 883 3311 profundo
906 3251 959 3312 per
977 3232 1113 3294 facinora
1131 3228 1213 3290 edita

108 3312 308 3394 bproborum
337 3319 494 3380 hominum
523 3319 658 3392 affectio,
689 3320 745 3381 sed
774 3323 863 3381 etiarn
895 3326 1022 3382 externa
1044 3318 1147 3379 omnia
1166 3314 1213 3375 lu·

108 3416 256 3553 igniscat
271 3404 464 3482 depascitur,
501 3412 531 3467 et
554 3423 642 3468 suam
666 3408 696 3467 in
720 3409 823 3469 animo
845 3407 951 3469 sedern
974 3405 1212 3480 haudquaquam

160 3503 201 3566 oq

108 3652 161 3730 Ex
190 3656 321 3732 eodem
345 3682 531 3750 sannone,
567 3662 607 3734 in
630 3661 747 3753 illud,
781 3657 1123 3751 ,Quemadmodum
1143 3656 1212 3730 flos

152 3759 193 3834 in
217 3759 341 3836 hieme
360 3762 472 3861 plane
496 3763 777 3864 intempestivus
784 3818 794 3855 ,
822 3774 859 3838 et
877 3762 1100 3838 mulieribus
1125 3760 1212 3836 viri·

151 3860 204 3938 tto
234 3870 384 3939 ornatus
414 3864 476 3940 vel
505 3866 596 3941 viris
609 3865 831 3960 muliebris,
868 3876 931 3943 aut
951 3867 1108 3950 maerori
1130 3887 1212 3963 geo·

151 3966 307 4067 metriae
327 3967 503 4045 studium.

211 4098 427 4163 ltodsrationis
455 4102 486 4162 in
517 4104 599 4162 omni
627 4118 769 4164 sermone
802 4105 944 4180 omnique
978 4104 1118 4181 negotio,
1154 4117 1214 4177 qua

108 4187 346 4263 massamque
374 4193 406 4249 et
432 4189 645 4251 universorum
674 4188 794 4250 decoris
823 4192 900 4252 ratio
929 4192 1047 4268 integra
1078 4206 1115 4251 ae
1136 4205 1214 4267 pura

108 4272 335 4346 missurus,
365 4290 421 4351 per
448 4274 643 4336 dissimilium
665 4279 925 4339 enumerationem
948 4277 1123 4354 exemplum
1146 4293 1215 4352 pro-

108 4374 222 4429 munt
242 4359 323 4427 haee
344 4360 417 4423 diett
437 4362 601 4440 magiam,
629 4363 742 4438 quibus
763 4369 799 4426 ut
818 4365 969 4428 moderati
991 4380 1061 4426 esse
1082 4370 1114 4426 et
1135 4363 1216 4424 cauti
