2768 4784
234 201 308 279 144

70 405 224 462 ιτα-..βίοιο
236 388 379 524 Θεωρία
413 394 462 472 είς
491 387 534 462 τὸ
565 386 646 483 περὶ
677 393 745 460 τοὺ
776 381 998 480 ἐμπεσόντος
1029 392 1078 471 είς
1100 387 1188 471 τοὺς
1210 384 1346 484 λῃστὰς

285 491 396 589 ῥητὸν
420 499 489 565 τοῦ
506 487 745 591 εὐαγγελίου.

341 630 405 689 Καὶ
434 623 515 710 τάγα
544 623 639 728 τοῦτο’
668 623 736 690 6444
766 623 802 690 46
832 638 901 703 τοῖς
930 630 1079 693 δοθεῖσιν
1107 630 1160 693 ἐπὶ
1183 628 1345 711 θεραπείᾳ

234 738 291 778 του
279 704 450 820 κ’λῃσταῖς
476 708 708 796 περιπεσόντος
735 715 807 778 δυσὶ
837 712 1042 798 δηναρίοις
1027 737 1061 779 εν
1090 716 1135 802 446
1161 715 1344 816 πανδογείρι

234 797 322 883 παρὰ
352 802 409 863 406
438 805 548 883 κυρίου
577 800 622 885 τῷ
638 795 875 907 ἐπιμελεῖσθαι
898 803 1136 908 κελευομένφ
1112 801 1345 903 προςδαπρινιο·

71 910 120 952 444
135 905 225 952 444·
234 909 345 995 μενον,
380 885 460 992 ὅπερ
483 911 536 950 και
527 884 562 970 Ι
582 883 794 968 φιλοτίμως
780 909 1048 994 επαγεργομενος
1056 911 1074 952 ο
1097 883 1209 994 κίριος
1231 882 1345 957 δαίσειν

236 969 408 1055 ὑπέσχετο,
440 997 457 1049 η
488 969 541 1034 διδ
570 977 707 1045 πίστεως
739 975 906 1080 γινομέιη
916 972 1069 1053 παντελὴς
1096 976 1157 1037 τῶν
1185 968 1286 1037 όντων
1311 956 1344 1035 64

71 1085 116 1124 τι...
125 1079 156 1123 14
163 1079 196 1123 43.
226 1069 304 1164 τρῖς
327 1054 500 1132 τελείοις
480 1062 664 1164 αφαίρεσις
673 1061 764 1141 (φησί
785 1057 860 1166 γὰρ
869 1055 886 1125 6
904 1058 1033 1167 κάριρς,
1056 1061 1161 1136 Ὅςτις
1183 1052 1241 1123 4644
1260 1054 1345 1123 ἀπο-

236 1142 386 1210 τάσσεται
407 1147 486 1208 πάσι
510 1154 578 1219 τοῖς
599 1139 844 1252 δπάργορσιν
821 1140 933 1251 46406,
965 1141 1002 1253 46
1025 1144 1158 1211 δυ’νατὰί
1176 1169 1240 1255 μου
1263 1134 1344 1248 εἶναι

235 1229 410 1317 μαθητής),
439 1225 553 1294 446¹
543 1225 580 1308 64
608 1234 699 1293 πανθ
729 1235 844 1294 εαυτοῦ
866 1227 884 1309 6
907 1231 1019 1296 ἑαυτὸν
1038 1230 1165 1296 πάντων
1186 1224 1345 1337 ἀφαιροιί-

234 1343 330 1402 μενος
357 1318 458 1381 εἰπεῖν
488 1315 700 1402 οἰκειότερον,
738 1312 755 1379 6
782 1318 835 1395 464
857 1324 977 1420 σοφίας
998 1316 1111 1430 644464
1133 1314 1268 1427 6444464
1290 1340 1346 1380 κα·

236 1403 394 1484 ταστήσας
419 1401 509 1489 μόνῳ
538 1406 609 1488 θεῶ
638 1412 776 1467 συνεῖναι
805 1405 1027 1512 44446446446,
1055 1405 1111 1513 464
1139 1401 1346 1516 ετὲαγγελικῶς

235 1487 486 1599 δποδειγθείσαν
520 1464 689 1552 460644444
722 1486 908 1570 δεξάμενος,
941 1489 1022 1555 κατὰ
1051 1489 1124 1567 τοδς
1152 1487 1263 1574 ἀγίοιις
1290 1492 1343 1553 444

226 1600 412 1681 μακαριους
440 1571 657 1684 ἀποστόλους,
687 1572 721 1636 οἳ
750 1572 785 1639 τό
808 1580 872 1639 πᾶν
894 1574 1013 1642 ἑαυτῶν
1037 1574 1220 1662 ὁλοσχερῶς
1241 1599 1344 1658 περιε·

226 1661 367 1744 λόμενοι
398 1667 451 1725 καὶ
478 1659 567 1769 μόνῳ
597 1656 637 1723 δι’
659 1659 744 1768 6494
775 1664 819 1746 τῶ
846 1666 930 1769 θεῷ
944 1668 998 1728 καί
1026 1664 1112 1768 λόγῳ
1140 1660 1346 1766 προςφάντες,

74 1758 143 1798 ³¹46
153 1745 315 1814 192ῚἸδοίι
336 1746 455 1854 πάντα,
479 1746 617 1831 ἔφασαν,
641 1742 831 1855 ἀφήκαμεν
836 1753 891 1812 καὶ
908 1743 1179 1857 64060664'44444‘4
1200 1774 1279 1830 σοι,
1294 1750 1346 1834 446

236 1840 290 1901 καὶ
320 1836 371 1912 τῆς
395 1831 519 1937 φάσεως
540 1837 655 1923 ποιητῆ
677 1838 730 1897 καὶ
754 1832 923 1940 δοτῆρι
887 1861 939 1943 της
960 1834 1037 1900 44446
1060 1837 1162 1920 νόμον
1182 1839 1346 1940 βοηθείας,

236 1928 290 1987 καί
321 1916 373 1993 64,
414 1918 525 2003 κόριον
554 1900 717 1999 δηλονότι,
751 1919 853 2022 ῶςπερ
882 1914 1037 2000 ἀληθείας
1051 1927 1133 2034 φῶς
1159 1918 1346 2029 μονῶτατον

236 2006 428 2114 κτησάμενοι
450 2004 580 2070 ἀντί’
541 2031 641 2113 νομου
664 2011 718 2070 καὶ
740 2004 864 2089 φάσεως
884 2007 1011 2073 πάντων
1032 2009 1163 2086 εἰκότως
1185 2011 1247 2072 τῶν
1267 2003 1345 2091 μετὰ

235 2091 317 2159 θεόν
347 2092 524 2158 ἄπταιστον
553 2090 607 2171 464
635 2095 751 2199 γνῶσιν
775 2096 969 2202 παρέλαβον’.
1023 2092 1123 2184 A6446
1143 2092 1203 2180 γάρ
1225 2098 1345 2198 πέφυκε

230 2185 507 2290 συνεκφαίνεσθαι
535 2184 654 2286 κυρίως
676 2174 691 2256 6
715 2174 814 2242 4464t
798 2175 848 2242 ια’
871 2176 969 2246 46446
990 2186 1199 2266 γεγενημένων
1220 2184 1344 2263 γνῶσις.

230 2264 284 2343 Ὡς
313 2263 374 2353 γάρ
404 2270 448 2352 τῶ
470 2265 617 2368 αἰσθητῷ
638 2259 715 2350 ἧλίῳ
738 2260 939 2372 ἀνατέλλοντι
969 2267 1072 2332 πάντα
1095 2271 1255 2375 καθμρῶς
1270 2290 1344 2335 συν·

235 2359 452 2458 εκφαίνονται
472 2347 509 2415 τοὶ
540 2350 687 2459 σφ’ματα,
729 2349 810 2415 οὕτω
839 2357 893 2418 καὶ
922 2350 1044 2430 θεός
1028 2380 1045 2419 ο
1077 2352 1189 2435 νοητὸς
1218 2358 1272 2434 τῆς
1299 2356 1344 2419 δι·

236 2437 406 2518 καιοσίνης
438 2437 528 2547 η’λιος
556 2433 733 2501 ἀνατέλλων
761 2441 805 2524 τῷ
833 2463 893 2544 οφ,
929 2437 1039 2516 καθῶς
1051 2446 1250 2553 χωρείσθαι
1282 2435 1342 2504 6446

236 2530 289 2603 τῆς
306 2531 436 2631 κτίσεως
455 2516 541 2588 οἶδεν
559 2519 669 2600 αίτδς,
698 2501 826 2588 πάντων
845 2523 946 2613 έαυτῶ
962 2534 1083 2606 νοητῶν
1101 2553 1133 2593 τε
1152 2554 1206 2593 και
1196 2526 1343 2605 αίσθη·

238 2616 297 2676 τῶν
327 2610 400 2686 τοὺς
428 2607 557 2718 ἀληθείς
587 2608 739 2718 606644644
775 2590 1063 2695 συνεκφανίζεσθαι
1101 2614 1226 2719 λόγους.
1284 2614 1347 2677 Καὶ

238 2701 333 2775 δηλοῖ
352 2700 445 2760 τοῦτο
469 2699 521 2773 τῆς
543 2694 596 2758 ἐπὶ
619 2700 676 2773 τοῦ
698 2693 795 2799 ὅρους
815 2699 1096 2805 μεταμορφώσεως
1119 2705 1176 2809 446
1198 2701 1308 2785 κυριου
1329 2725 1345 2775 η

238 2780 368 2889 λαμπρὰ
392 2785 453 2845 τῶν
476 2780 666 2863 ἐσθημάτων
688 2786 733 2845 τῶ
749 2789 837 2889 φωτὶ
860 2789 916 2848 τοῦ
937 2785 1124 2895 πρρςρίπου
1133 2784 1231 2852 46446
1257 2810 1347 2869 γενο-

237 2872 313 2975 μένη
336 2869 544 2976 464646446443
570 2893 613 2954 τῳ
599 2871 704 2931 ”6446
726 2865 780 2947 464
802 2873 863 2934 τῶν
880 2896 939 2978 μετ
965 2869 1078 2950 αὐτὸν,
1102 2869 1144 2948 ῶς
1163 2866 1274 2980 οἶμαι,
1295 2875 1346 2943 καί

237 2960 311 3036 περὶ
340 2950 436 3017 46464
465 2931 660 3061 σονοὶγοόσα
673 2961 803 3036 γνῶσιν.
853 2954 932 3021 Οίίτε
961 2959 1029 3062 466
1054 2962 1128 3044 δίχα
1145 2957 1265 3069 φωτός
1287 2961 1347 3025 4464

76 3051 126 3092 ⁰⁰⁶·
137 3054 150 3093 s
163 3047 230 3093 ¹5⁸6
239 3041 404 3150 αἰσθητῶν
434 3035 608 3124 ὀφθαλμός
640 3036 934 3124 ἀντιλαμβάνεσθαι
960 3053 965 3123 Ι
992 3044 1139 3127 δύναται,
1174 3044 1247 3150 6644
1275 3048 1348 3119 νοῦς

237 3133 337 3234 χωρὶς
364 3125 508 3235 γνῶσειμς
536 3130 619 3234 6466
645 3131 788 3231 θεωρίαν
811 3127 973 3236 δέξασθαι
981 3131 1217 3238 πνευματικήν.
1269 3128 1352 3197 Ἐκεῖ

239 3239 271 3279 τε
283 3212 360 3324 464
390 3216 427 3302 τῇ
456 3209 531 3296 ἀψει
561 3212 597 3276 τό
574 3217 749 3321 φῶς
723 3217 783 3278 τῶν
810 3210 935 3299 ὁρατῶν
958 3214 1012 3296 464
1034 3211 1201 3325 ἀντίληψιν
1223 3221 1347 3294 δίδωσι,

180 3318 183 3323 ·
238 3306 292 3366 καὶ
315 3281 454 3364 ἐνταῦθα
477 3303 521 3386 τῶ
543 3302 588 3384 νῷ
609 3325 663 3377 την
684 3303 801 3380 γνῶσιν
824 3305 886 3366 τῶν
910 3308 1028 3383 νοητῶν
1052 3300 1069 3382 6
1093 3308 1150 3370 406
1171 3307 1255 3370 θεοί
1277 3303 1347 3369 6444-

239 3385 339 3470 στήμη
360 3411 422 3473 χαρ
425 3363 530 3462 ίζετάι.

242 3525 384 3620 θεωρία
413 3532 480 3598 τοῦ
503 3521 644 3619 τρόπου
668 3526 756 3599 καθ’
782 3526 980 3627 ὃνιγέγονε
1002 3536 1071 3602 ’τοῦ
1090 3527 1212 3625 Ἀδδιμ
1232 3528 1255 3626 6
1278 3559 1344 3604 πα-

262 3627 456 3724 ’ράβασις

330 3757 469 3868 Ἀμέλει
495 3758 595 3868 τούτῳ
617 3787 659 3842 μη
648 3759 850 3866 ἐπερείσας
871 3765 915 3848 46
936 3765 1007 3826 θεῶ
1029 3769 1110 3848 φωτί
1132 3761 1188 3828 464
1210 3767 1264 3842 τῆς
1284 3782 1346 3848 44—

237 3848 294 3928 γῆς
323 3841 541 3955 ὀφθαλμόν
527 3871 543 3909 ο
571 3847 747 3956 προπάτωρ
766 3840 869 3930 Ἀδὰμ
900 3827 1022 3955 444666
1051 3849 1191 3954 66444’
1162 3848 1295 3926 εικότως
1314 3850 1347 3916 64

238 3929 344 4036 σκότει
377 3936 430 4038 τῆς
456 3928 627 4038 ἀγνωσίας
641 3931 737 4045 ἀμφμ
769 3931 811 3996 τῶ
840 3943 945 4042 γείρε
958 3932 1013 4000 τόν
1036 3941 1089 4014 τῆς
1110 3937 1184 4017 ἀλης
1206 3934 1346 4021 φορυτόν

238 4013 392 4093 ἑκουσίως
389 4011 561 4129 ἀφάσσων
580 4018 661 4107 μόνη
678 4018 867 4125 46466444‘
855 4019 966 4086 εαυτόν
985 4020 1062 4087 δ’λον
1080 4021 1243 4099 έπικλίνας
1260 4021 1346 4089 6444-

239 4105 336 4206 δωκε,
359 4100 398 4167 δι’
415 4131 450 4182 ης
472 4131 527 4170 τοο
550 4105 742 4214 πικρρτάτου
764 4104 867 4190 θηρός
889 4106 943 4172 464
951 4107 1185 4212 φθαρτικδν’
1173 4107 1226 4175 464
1247 4109 1346 4187 είςδε·
1380 4158 1383 4165 -

239 4186 372 4270 ξάμενος
396 4187 522 4254 οὐδ”
483 4196 608 4300 46464,
621 4189 664 4269 ῶς
685 4190 872 4303 ἠβουλήθη,
895 4189 1116 4272 ἀπήλαοσε
1080 4222 1133 4277 της
1154 4196 1346 4278 αἰσθήσεως,

238 4277 318 4359 δίχα
343 4279 440 4380 6406,
471 4305 522 4343 και
531 4275 610 4387 πρό
628 4285 766 4387 θεοί,
759 4283 811 4343 καὶ
836 4274 872 4353 46
895 4278 972 4344 4446
996 4279 1090 4358 6464,
1126 4278 1168 4359 ῶς
1190 4279 1248 4348 4644
1271 4283 1345 4359 ἔδει,

238 4358 317 4446 ὅπερ
341 4387 403 4443 αμι
405 4389 506 4445 γονον
527 4356 580 4443 64,
602 4365 639 4429 46
664 4392 718 4431 του
706 4365 855 4430 θεοῦν
837 4389 922 4450 εχειν
941 4367 1154 4447 ἐπιτηδεύσας.
1197 4368 1270 4449 Τὴν
1286 4369 1345 4457 464
