2752 4778
1082 141 1129 271 ε

10 372 126 419 torum
159 357 317 435 praefixae
342 359 445 431 suuis
467 357 498 414 in
529 357 656 417 caritate
679 372 786 417 amans
810 363 839 417 et
861 357 1080 435 salutaturusg
1103 367 1134 420 ot
1170 368 1172 371 ’

10 449 56 505 εει
79 461 165 523 pars
189 444 256 518 dei,
286 447 325 521 ut
348 446 395 502 est
416 457 471 518 per
494 443 657 503 essentiae
671 457 747 502 suae
768 444 798 501 in
821 443 880 503 deo
902 444 1064 521 rationem,
1102 450 1134 506 et

10 537 39 592 nt
71 531 184 592 honus
215 546 269 606 per
299 530 377 589 bene
400 528 524 587 essendi
546 529 577 587 iu
600 528 658 589 deo
681 529 844 603 rationem,
875 534 904 589 et
925 536 959 590 ut
980 529 1056 590 dens
1078 548 1134 606 per

10 633 141 694 semper
169 613 295 679 essendi
323 615 488 684 rationem,
520 615 627 675 merito
655 631 709 676 eas
732 615 888 677 honorans
911 623 942 676 ει
964 617 1133 678 secundum

10 719 66 765 eos
93 718 250 783 operans,
275 708 306 761 et
327 717 381 776 per
404 716 458 760 eas
482 716 517 759 se
538 702 637 779 ipsum
662 699 781 775 quidem
806 702 864 760 deo
888 701 945 762 soli
963 719 1018 777 per
1033 696 1131 765 toturn

10 794 176 851 inserens:
212 788 305 851 deum
334 803 407 846 uero
437 786 537 847 solum
568 787 688 846 sibimet
709 803 763 861 per
786 793 882 848 totum
906 793 935 847 et
958 789 1132 866 imaginans

10 881 39 936 et
61 875 223 946 formans,
245 875 288 934 ita
310 881 344 934 ut
365 880 396 933 et
416 872 485 949 ipse
507 873 546 932 sit
569 875 668 950 gratia
690 879 720 932 et
739 880 867 934 vocetur
889 875 984 944 deus,
1007 882 1037 934 et
1053 875 1132 936 deus

10 962 50 1021 sit
73 961 347 1021 condescensione
369 964 399 1018 et
421 975 475 1034 per
497 975 531 1018 se
553 964 680 1019 vocetur
701 959 811 1036 bomo,
843 967 873 1021 et
895 965 1000 1020 mutuo
1022 961 1053 1019 in
1072 960 1132 1021 hoe

10 1045 130 1109 affectu
155 1046 335 1128 ostendatur
359 1047 470 1120 virtus,
507 1060 586 1120 quae
609 1052 639 1104 et
661 1046 815 1105 bominem
838 1046 897 1106 deo
919 1062 975 1124 per
996 1045 1130 1108 divinum

10 1148 159 1215 umorem
173 1133 339 1201 .deibcai,.
354 1139 384 1192 et
412 1130 502 1192 deum
525 1130 640 1190 homini
662 1149 718 1208 per
740 1131 906 1193 burrianum
930 1148 1064 1193 amorem
1085 1135 1132 1192 in-

10 1218 183 1295 humanat,
224 1224 255 1279 et
289 1217 361 1278 facit
394 1233 448 1292 per
481 1218 592 1277 bonam
626 1219 857 1278 conversionem
888 1219 979 1278 deum
1010 1219 1131 1294 quidem

10 1305 175 1367 nominem
213 1321 268 1384 per
291 1302 430 1362 bominis
460 1302 680 1363 deificationem
711 1311 742 1364 et
770 1303 924 1364 hominem
942 1305 1046 1373 ,deum
1075 1321 1132 1381 per

10 1390 61 1452 dei
91 1390 390 1451 inhumanationem.
443 1388 513 1449 Vult
541 1391 621 1449 enim
653 1406 773 1466 semper
804 1397 835 1451 et
864 1393 894 1449 in
918 1392 1059 1451 omnibus
1082 1392 1131 1451 dei

10 1479 147 1539 verbnm
179 1472 219 1538 ει
237 1477 314 1536 deus
338 1491 396 1535 sua
419 1476 664 1551 incorporatione
687 1478 806 1552 operari
829 1478 1017 1553 mysterium.
1073 1477 1132 1550 Qui

10 1579 87 1623 vero
123 1579 216 1623 snum
251 1562 426 1635 relinquens
463 1562 642 1637 principium
679 1579 751 1637 pars
782 1562 831 1622 dei
862 1565 1047 1624 constitutus
1077 1580 1131 1639 per

10 1651 201 1711 existentem
228 1651 258 1709 lo
289 1650 356 1723 ipso
383 1648 501 1707 virtutis
523 1649 670 1707 rationem
694 1648 862 1709 seeundum
886 1648 1034 1710 redditam
1058 1666 1132 1710 can·
1232 1725 1233 1730 γ
1267 1708 1270 1715 .

10 1751 82 1797 eam
111 1734 154 1795 ad
181 1733 213 1793 id
244 1734 326 1811 quod
357 1749 417 1794 non
440 1739 488 1793 εει
509 1735 751 1794 irrationabiliter
773 1734 882 1810 fertur,
918 1743 1000 1796 recte
1023 1735 1131 1796 desur-

10 1838 83 1883 sum
114 1819 250 1883 defluere
280 1819 404 1904 dieitur,
446 1836 506 1880 non
537 1819 577 1878 ad
606 1836 696 1880 suum
726 1823 905 1898 principium
921 1820 965 1880 ‘et
993 1837 1129 1897 causam,

10 1924 33 1969 e
55 1922 119 1982 qna
149 1912 178 1966 et
198 1901 229 1965 in
255 1922 315 1982 qua
338 1911 368 1966 et
388 1920 443 1981 per
465 1922 555 1980 quam
585 1905 684 1965 iactus
715 1913 777 1978 est,
809 1913 927 1981 rnotus;
964 1913 994 1967 ει
1023 1914 1070 1968 εει
1099 1910 1129 1968 in

10 1998 121 2055 meatu
152 1992 285 2073 instabili
314 1998 344 2052 et
371 1990 593 2052 inordinatione
621 1993 717 2052 fluxili
747 1994 871 2053 animae
900 1999 930 2052 ει
952 1996 1129 2070 corporisa

10 2095 76 2141 non
106 2086 231 2141 errante
259 2084 290 2139 ει
322 2077 458 2137 similiter
486 2077 620 2139 habente
649 2095 761 2152 causo,
796 2080 888 2139 adid
912 2080 1128 2155 quodmalum

11 2173 65 2227 est
85 2166 262 2246 voluntario
279 2162 436 2224 'momento
459 2164 672 2240 expulsionem
691 2181 779 2224 suum
797 2182 957 2242 peragens.
1004 2165 1050 2224 Ex
1068 2181 1128 2240 quo

12 2257 48 2313 et
63 2249 162 2313 fluere
184 2252 306 2327 proprie
327 2251 452 2320 dicitur,
476 2247 618 2325 eo'quod
640 2252 670 2310 in
695 2267 729 2310 se
751 2257 851 2311 motae
874 2251 913 2310 ad
936 2251 1026 2312 deum
1051 2250 1128 2310 18ιε·

14 2338 229 2415 separabiliter
259 2337 379 2405 animae
409 2352 537 2414 gressus
559 2337 697 2398 faciendo
720 2337 821 2397 valido
843 2339 1013 2413 potentiae,
1046 2338 1127 2413 quod

14 2422 151 2485 deterius
186 2430 234 2484 est
269 2429 300 2482 ct
337 2419 417 2497 quod
452 2439 512 2481 non
547 2431 595 2482 est
622 2440 678 2499 pro
709 2423 823 2482 meliori
854 2423 961 2483 volens
992 2426 1127 2485 mutavit.

15 2508 82 2569 lias
116 2514 218 2571 antem
253 2516 332 2585 quas
366 2507 502 2567 dixeram
538 2510 671 2569 rationes
700 2510 765 2585 lpse
795 2510 914 2584 quidem
944 2511 1128 2589 Areopagita

11 2602 146 2657 sendus
167 2594 332 2671 Dionysius
362 2594 657 2669 praedestinationes
684 2601 714 2654 ει
736 2595 855 2655 divinas
878 2595 1051 2656 voluntates
1073 2613 1129 2656 vo·

15 2684 81 2743 euri
103 2700 124 2743 a
141 2682 244 2741 divina
265 2681 416 2756 scriptura
438 2696 495 2739 nos
520 2682 637 2742 edocet.
683 2679 886 2758 Similiterque
909 2689 939 2742 et
961 2681 982 2715 ¹⁹
995 2674 1128 2758 quisint

15 2768 98 2829 circa
131 2767 321 2828 Pantaennm
355 2769 458 2843 magni
486 2767 648 2845 Clementis
682 2769 830 2844 amicum,
873 2770 922 2842 qui
952 2770 1051 2830 factus
1080 2776 1129 2830 est

18 2856 163 2932 magister
185 2851 363 2926 stromatei,
399 2853 518 2912 divinas
546 2853 719 2913 voluntates
745 2871 762 2914 a
786 2856 934 2930 scriptura
959 2858 1060 2917 vocari
1083 2857 1129 2916 di-

18 2946 106 3013 cunt,
135 2940 205 3000 inde
233 2941 410 3015 interrogati
440 2955 458 2998 a
487 2939 669 3014 quibusdam
700 2942 842 3016 superbis
871 2943 901 3000 in
932 2959 1036 3003 eorum
1059 2959 1128 3002 eru-

16 3026 132 3089 ditione
160 3042 238 3103 qnae
268 3025 461 3085 extrinsecus
485 3032 573 3097 sunt,
606 3027 758 3102 quomodo
781 3044 969 3104 cognoscere
990 3046 1025 3088 ea
1049 3045 1128 3103 quae
1232 3101 1235 3107 ἡ
1282 3044 1285 3049 ’

16 3118 89 3175 snut
123 3112 212 3175 deum
243 3111 407 3172 aestimant
436 3110 614 3183 Christiani,
654 3113 892 3188 suscipientibus
923 3113 981 3172 illis
1011 3114 1128 3175 intelle-

18 3198 157 3282 ctualiter
183 3197 385 3276 intelligibilia
407 3204 437 3258 et
460 3197 644 3258 sensualiter
666 3200 822 3263 sensibilia
844 3217 915 3260 eum
938 3216 1127 3277 cognoscere

19 3301 55 3347 eo
71 3300 163 3361 nune
191 3292 273 3345 sunt
339 3282 571 3362 Respondemus
604 3301 703 3362 neque
739 3285 925 3345 sensualiter
959 3287 1126 3361 sensibilia,

21 3385 129 3449 neque*
145 3369 389 3434 intellectualiter
415 3370 640 3448 intellectualia.
696 3370 761 3432 Non
786 3373 865 3432 enim
889 3388 960 3432 esse
982 3373 1128 3448 possibile

20 3464 80 3535 est,
107 3463 143 3520 ιιι
166 3457 301 3519 ostendit
319 3458 411 3527 ratio,
440 3474 511 3517 eum
535 3459 584 3532 qui
608 3463 656 3517 est
678 3474 771 3533 super
793 3475 830 3519 ea
855 3466 1043 3534 quaesunt,
1073 3477 1126 3535 per

19 3549 265 3621 aequassent,
294 3557 332 3602 ea
355 3549 530 3617 quaesunt
553 3545 709 3620 accipere;
739 3545 794 3604 sed
818 3546 897 3605 sicut
919 3561 995 3605 suas
1017 3545 1127 3606 volun-

20 3635 94 3693 tates
117 3644 309 3708 cognoscere
332 3645 401 3688 eum
424 3629 552 3689 dicimus
575 3646 611 3690 ea
634 3635 825 3705 quaesunt,
856 3630 1004 3692 addentes
1034 3632 1127 3693 etiam

20 3733 56 3777 ex
78 3731 180 3793 eausa¹
197 3715 477 3790 ratiocinationem
516 3717 541 3776 si
564 3718 644 3776 enim
667 3715 822 3777 voluntate
851 3718 954 3777 omnia
982 3718 1067 3792 fecit,
1097 3723 1127 3777 et

19 3801 99 3863 onlia
133 3801 314 3864 contradicit
350 3802 425 3862 ratio
461 3819 649 3880 cognoscere
686 3808 789 3863 autern
819 3819 907 3863 suam
939 3804 1126 3865 voluntatem

17 3887 124 3965 deum,
148 3904 270 3965 semper
292 3887 376 3962 pium
398 3887 500 3948 dicere
519 3893 550 3947 ει
573 3891 687 3950 iustum
711 3893 774 3959 est,
796 3890 1036 3964 unumquodque
1054 3908 1126 3952 vcro

17 3990 121 4037 eornm
143 3990 225 4050 quoe
247 3975 326 4034 lacta
350 3980 421 4036 sunt
443 3974 551 4035 volens
574 3977 656 4049 iecit3
686 3976 776 4052 igitur
797 3981 831 4036 ut
855 3991 929 4040 suas
952 3977 1126 4041 voluntates

17 4190 56 4245 3&
75 4187 271 4258 λαμβάνεσθαι
288 4191 330 4242 ed.
348 4191 405 4242 Gal.

85 4277 128 4334 18.
146 4281 226 4330 Verte
244 4282 308 4330 eine
326 4276 493 4345 offensione.
523 4277 618 4342 (Gale.)
676 4278 714 4329 19.
736 4279 813 4328 Verte
832 4281 860 4333 et
873 4279 1057 4341 Pantaenus,
1075 4281 1126 4346 qui

15 4350 158 4416 magides
175 4346 237 4415 ruit
255 4346 411 4401 Clementis
429 4350 527 4414 monui
545 4349 711 4400 stromatei.
738 4345 833 4413 (Gale.)
