<?xml version="1.0" encoding="UTF-8"?>
<!DOCTYPE html PUBLIC "-//W3C//DTD XHTML 1.0 Transitional//EN"
    "http://www.w3.org/TR/xhtml1/DTD/xhtml1-transitional.dtd">
<html xmlns="http://www.w3.org/1999/xhtml" xml:lang="en" lang="en">
 <head>
  <title>
</title>
<meta http-equiv="Content-Type" content="text/html;charset=utf-8" />
  <meta name='ocr-system' content='tesseract 3.04.00' />
  <meta name='ocr-capabilities' content='ocr_page ocr_carea ocr_par ocr_line ocrx_word'/>
</head>
<body>
  <div class='ocr_page' id='page_1' title='image "./sanctipatrisnos00maxigoog_0052.png"; bbox 0 0 2752 4778; ppageno 0'>
   <div class='ocr_carea' id='block_1_1' title="bbox 1111 167 1164 247">
    <p class='ocr_par' dir='ltr' id='par_1_1' title="bbox 1111 167 1164 247">
     <span class='ocr_line' id='line_1_1' title="bbox 1111 167 1164 247; baseline -0.019 0"><span class='ocrx_word' id='word_1_1' title='bbox 1111 167 1164 247; x_wconf 77' lang='lat' dir='ltr'><strong>it</strong></span> 
     </span>
    </p>
   </div>
   <div class='ocr_carea' id='block_1_2' title="bbox 10 357 1240 2253">
    <p class='ocr_par' dir='ltr' id='par_1_2' title="bbox 10 357 1240 2253">
     <span class='ocr_line' id='line_1_2' title="bbox 49 357 1166 435; baseline 0.001 -17"><span class='ocrx_word' id='word_1_2' title='bbox 49 360 158 435; x_wconf 86' lang='lat' dir='ltr'><strong>nobis,</strong></span> <span class='ocrx_word' id='word_1_3' title='bbox 185 359 239 434; x_wconf 87' lang='lat' dir='ltr'><strong>qui</strong></span> <span class='ocrx_word' id='word_1_4' title='bbox 261 359 457 434; x_wconf 90' lang='lat' dir='ltr'><strong>pracceptum</strong></span> <span class='ocrx_word' id='word_1_5' title='bbox 481 372 602 416; x_wconf 89' lang='lat' dir='ltr'><strong>eramus</strong></span> <span class='ocrx_word' id='word_1_6' title='bbox 627 357 828 432; x_wconf 82' lang='lat' dir='ltr'><strong>transgressi,</strong></span> <span class='ocrx_word' id='word_1_7' title='bbox 858 359 1024 432; x_wconf 83' lang='lat' dir='ltr'><strong>praestitit,</strong></span> <span class='ocrx_word' id='word_1_8' title='bbox 1052 364 1166 420; x_wconf 90' lang='lat' dir='ltr'><strong>totum·</strong></span> 
     </span>
     <span class='ocr_line' id='line_1_3' title="bbox 52 443 1165 523; baseline 0.002 -17"><span class='ocrx_word' id='word_1_9' title='bbox 52 459 113 522; x_wconf 79' lang='lat' dir='ltr'><strong>qua</strong></span> <span class='ocrx_word' id='word_1_10' title='bbox 148 461 251 523; x_wconf 90' lang='lat' dir='ltr'><strong>genus</strong></span> <span class='ocrx_word' id='word_1_11' title='bbox 291 449 428 504; x_wconf 92' lang='lat' dir='ltr'><strong>nostrum</strong></span> <span class='ocrx_word' id='word_1_12' title='bbox 459 443 605 516; x_wconf 87' lang='lat' dir='ltr'><strong>salvavit,</strong></span> <span class='ocrx_word' id='word_1_13' title='bbox 643 448 780 502; x_wconf 90' lang='lat' dir='ltr'><strong>nostrum</strong></span> <span class='ocrx_word' id='word_1_14' title='bbox 810 444 952 518; x_wconf 87' lang='lat' dir='ltr'><strong>quicquid</strong></span> <span class='ocrx_word' id='word_1_15' title='bbox 980 451 1045 505; x_wconf 89' lang='lat' dir='ltr'><strong>erat</strong></span> <span class='ocrx_word' id='word_1_16' title='bbox 1071 447 1100 505; x_wconf 90' lang='lat' dir='ltr'><strong>iu</strong></span> <span class='ocrx_word' id='word_1_17' title='bbox 1130 463 1165 508; x_wconf 87' lang='lat' dir='ltr'><strong>se</strong></span> 
     </span>
     <span class='ocr_line' id='line_1_4' title="bbox 52 527 1166 609; baseline 0.001 -16"><span class='ocrx_word' id='word_1_18' title='bbox 52 533 157 609; x_wconf 27' lang='lat' dir='ltr'><strong>mam·</strong></span> <span class='ocrx_word' id='word_1_19' title='bbox 181 530 404 592; x_wconf 83' lang='lat' dir='ltr'><strong>transferendo.</strong></span> <span class='ocrx_word' id='word_1_20' title='bbox 456 527 577 606; x_wconf 82' lang='lat' dir='ltr'><strong>Propter</strong></span> <span class='ocrx_word' id='word_1_21' title='bbox 606 527 666 589; x_wconf 90' lang='lat' dir='ltr'><strong>hoc</strong></span> <span class='ocrx_word' id='word_1_22' title='bbox 695 546 727 588; x_wconf 89' lang='lat' dir='ltr'><strong>re</strong></span> <span class='ocrx_word' id='word_1_23' title='bbox 756 531 854 604; x_wconf 85' lang='lat' dir='ltr'><strong>ipsam</strong></span> <span class='ocrx_word' id='word_1_24' title='bbox 883 531 1087 592; x_wconf 71' lang='lat' dir='ltr'>obedientiam</span> <span class='ocrx_word' id='word_1_25' title='bbox 1109 533 1166 594; x_wconf 93' lang='lat' dir='ltr'><strong>ho-</strong></span> 
     </span>
     <span class='ocr_line' id='line_1_5' title="bbox 56 615 1165 693; baseline 0.002 -15"><span class='ocrx_word' id='word_1_26' title='bbox 56 634 129 689; x_wconf 83' lang='lat' dir='ltr'><strong>nore</strong></span> <span class='ocrx_word' id='word_1_27' title='bbox 153 617 260 693; x_wconf 83' lang='lat' dir='ltr'><strong>afficit,</strong></span> <span class='ocrx_word' id='word_1_28' title='bbox 292 634 392 678; x_wconf 88' lang='lat' dir='ltr'><strong>novus</strong></span> <span class='ocrx_word' id='word_1_29' title='bbox 416 618 519 691; x_wconf 89' lang='lat' dir='ltr'><strong>utiquc</strong></span> <span class='ocrx_word' id='word_1_30' title='bbox 539 616 639 676; x_wconf 85' lang='lat' dir='ltr'><strong>factus</strong></span> <span class='ocrx_word' id='word_1_31' title='bbox 661 615 799 676; x_wconf 82' lang='lat' dir='ltr'><strong>Adatmus</strong></span> <span class='ocrx_word' id='word_1_32' title='bbox 821 633 876 693; x_wconf 92' lang='lat' dir='ltr'><strong>pro</strong></span> <span class='ocrx_word' id='word_1_33' title='bbox 899 617 948 677; x_wconf 91' lang='lat' dir='ltr'><strong>illo</strong></span> <span class='ocrx_word' id='word_1_34' title='bbox 971 617 1089 678; x_wconf 88' lang='lat' dir='ltr'><strong>Adamc</strong></span> <span class='ocrx_word' id='word_1_35' title='bbox 1113 637 1165 680; x_wconf 89' lang='lat' dir='ltr'><strong>ve·</strong></span> 
     </span>
     <span class='ocr_line' id='line_1_6' title="bbox 56 701 1163 783; baseline -0.001 -17"><span class='ocrx_word' id='word_1_36' title='bbox 56 707 126 781; x_wconf 87' lang='lat' dir='ltr'><strong>teri,</strong></span> <span class='ocrx_word' id='word_1_37' title='bbox 156 721 212 783; x_wconf 89' lang='lat' dir='ltr'><strong>per</strong></span> <span class='ocrx_word' id='word_1_38' title='bbox 242 709 398 777; x_wconf 88' lang='lat' dir='ltr'><strong>naturam,</strong></span> <span class='ocrx_word' id='word_1_39' title='bbox 429 719 558 778; x_wconf 88' lang='lat' dir='ltr'><strong>eamque</strong></span> <span class='ocrx_word' id='word_1_40' title='bbox 577 701 708 767; x_wconf 79' lang='lat' dir='ltr'><strong>,dolores</strong></span> <span class='ocrx_word' id='word_1_41' title='bbox 738 703 879 778; x_wconf 87' lang='lat' dir='ltr'><strong>patiendo</strong></span> <span class='ocrx_word' id='word_1_42' title='bbox 903 703 1060 781; x_wconf 78' lang='lat' dir='ltr'><strong>degustat,</strong></span> <span class='ocrx_word' id='word_1_43' title='bbox 1091 705 1163 766; x_wconf 89' lang='lat' dir='ltr'><strong>dum</strong></span> 
     </span>
     <span class='ocr_line' id='line_1_7' title="bbox 10 788 1163 864; baseline -0.002 -10"><span class='ocrx_word' id='word_1_44' title='bbox 10 820 14 829; x_wconf 96' lang='lat'>·</span> <span class='ocrx_word' id='word_1_45' title='bbox 57 806 90 854; x_wconf 84' lang='lat' dir='ltr'><strong>ae</strong></span> <span class='ocrx_word' id='word_1_46' title='bbox 115 806 133 851; x_wconf 87' lang='lat' dir='ltr'><strong>e</strong></span> <span class='ocrx_word' id='word_1_47' title='bbox 162 792 251 853; x_wconf 89' lang='lat' dir='ltr'><strong>uobis</strong></span> <span class='ocrx_word' id='word_1_48' title='bbox 282 806 376 851; x_wconf 90' lang='lat' dir='ltr'><strong>unum</strong></span> <span class='ocrx_word' id='word_1_49' title='bbox 406 788 477 850; x_wconf 87' lang='lat' dir='ltr'><strong>iacit</strong></span> <span class='ocrx_word' id='word_1_50' title='bbox 506 804 559 864; x_wconf 90' lang='lat' dir='ltr'><strong>per</strong></span> <span class='ocrx_word' id='word_1_51' title='bbox 588 790 748 864; x_wconf 82' lang='lat' dir='ltr'><strong>passiones</strong></span> <span class='ocrx_word' id='word_1_52' title='bbox 778 789 913 849; x_wconf 86' lang='lat' dir='ltr'><strong>easdem.</strong></span> <span class='ocrx_word' id='word_1_53' title='bbox 976 789 1053 862; x_wconf 85' lang='lat' dir='ltr'><strong>Quid</strong></span> <span class='ocrx_word' id='word_1_54' title='bbox 1083 788 1163 852; x_wconf 86' lang='lat' dir='ltr'><strong>enim</strong></span> 
     </span>
     <span class='ocr_line' id='line_1_8' title="bbox 58 874 1162 956; baseline 0 -17"><span class='ocrx_word' id='word_1_55' title='bbox 58 875 137 939; x_wconf 75' lang='lat' dir='ltr'><strong>ahud</strong></span> <span class='ocrx_word' id='word_1_56' title='bbox 165 876 258 938; x_wconf 86' lang='lat' dir='ltr'><strong>docet</strong></span> <span class='ocrx_word' id='word_1_57' title='bbox 287 892 419 956; x_wconf 84' lang='lat' dir='ltr'><strong>maguus</strong></span> <span class='ocrx_word' id='word_1_58' title='bbox 448 891 554 936; x_wconf 86' lang='lat' dir='ltr'><strong>revera</strong></span> <span class='ocrx_word' id='word_1_59' title='bbox 577 878 723 953; x_wconf 89' lang='lat' dir='ltr'><strong>magister</strong></span> <span class='ocrx_word' id='word_1_60' title='bbox 739 875 865 946; x_wconf 90' lang='lat' dir='ltr'><strong>dicens,</strong></span> <span class='ocrx_word' id='word_1_61' title='bbox 904 874 1076 954; x_wconf 83' lang='lat' dir='ltr'><strong>,Fatigulus</strong></span> <span class='ocrx_word' id='word_1_62' title='bbox 1105 885 1162 954; x_wconf 89' lang='lat' dir='ltr'><strong>est,</strong></span> 
     </span>
     <span class='ocr_line' id='line_1_9' title="bbox 57 961 1162 1039; baseline 0.002 -15"><span class='ocrx_word' id='word_1_63' title='bbox 57 963 133 1024; x_wconf 85' lang='lat' dir='ltr'><strong>ieme</strong></span> <span class='ocrx_word' id='word_1_64' title='bbox 159 961 288 1024; x_wconf 73' lang='lat' dir='ltr'><strong>affectus</strong></span> <span class='ocrx_word' id='word_1_65' title='bbox 319 967 381 1039; x_wconf 89' lang='lat' dir='ltr'><strong>est,</strong></span> <span class='ocrx_word' id='word_1_66' title='bbox 419 964 468 1022; x_wconf 93' lang='lat' dir='ltr'><strong>siti</strong></span> <span class='ocrx_word' id='word_1_67' title='bbox 496 963 661 1037; x_wconf 88' lang='lat' dir='ltr'><strong>laboravit,</strong></span> <span class='ocrx_word' id='word_1_68' title='bbox 692 968 819 1022; x_wconf 89' lang='lat' dir='ltr'><strong>mortem</strong></span> <span class='ocrx_word' id='word_1_69' title='bbox 848 964 987 1038; x_wconf 74' lang='lat' dir='ltr'><strong>expulit,</strong></span> <span class='ocrx_word' id='word_1_70' title='bbox 1022 963 1162 1026; x_wconf 86' lang='lat' dir='ltr'><strong>lacrimas</strong></span> 
     </span>
     <span class='ocr_line' id='line_1_10' title="bbox 58 1048 1163 1127; baseline 0 -16"><span class='ocrx_word' id='word_1_71' title='bbox 58 1051 187 1126; x_wconf 81' lang='lat' dir='ltr'><strong>emisit‘;</strong></span> <span class='ocrx_word' id='word_1_72' title='bbox 223 1051 359 1127; x_wconf 87' lang='lat' dir='ltr'><strong>corporis</strong></span> <span class='ocrx_word' id='word_1_73' title='bbox 385 1051 526 1110; x_wconf 89' lang='lat' dir='ltr'><strong>nimirum</strong></span> <span class='ocrx_word' id='word_1_74' title='bbox 549 1048 625 1109; x_wconf 91' lang='lat' dir='ltr'><strong>haec</strong></span> <span class='ocrx_word' id='word_1_75' title='bbox 648 1055 736 1109; x_wconf 91' lang='lat' dir='ltr'><strong>erant</strong></span> <span class='ocrx_word' id='word_1_76' title='bbox 758 1050 876 1120; x_wconf 89' lang='lat' dir='ltr'><strong>omniu,</strong></span> <span class='ocrx_word' id='word_1_77' title='bbox 906 1048 1057 1125; x_wconf 88' lang='lat' dir='ltr'><strong>simulque</strong></span> <span class='ocrx_word' id='word_1_78' title='bbox 1080 1051 1163 1112; x_wconf 85' lang='lat' dir='ltr'><strong>clara</strong></span> 
     </span>
     <span class='ocr_line' id='line_1_11' title="bbox 59 1135 1162 1210; baseline 0.001 -11"><span class='ocrx_word' id='word_1_79' title='bbox 59 1135 271 1199; x_wconf 74' lang='lat' dir='ltr'><strong>demonstratio</strong></span> <span class='ocrx_word' id='word_1_80' title='bbox 305 1142 368 1197; x_wconf 91' lang='lat' dir='ltr'><strong>tum</strong></span> <span class='ocrx_word' id='word_1_81' title='bbox 402 1135 526 1196; x_wconf 86' lang='lat' dir='ltr'><strong>alieuius</strong></span> <span class='ocrx_word' id='word_1_82' title='bbox 557 1136 678 1199; x_wconf 90' lang='lat' dir='ltr'><strong>minime</strong></span> <span class='ocrx_word' id='word_1_83' title='bbox 707 1136 828 1210; x_wconf 91' lang='lat' dir='ltr'><strong>inertis,</strong></span> <span class='ocrx_word' id='word_1_84' title='bbox 867 1151 986 1196; x_wconf 85' lang='lat' dir='ltr'><strong>necnon</strong></span> <span class='ocrx_word' id='word_1_85' title='bbox 1017 1135 1162 1200; x_wconf 88' lang='lat' dir='ltr'><strong>indicium</strong></span> 
     </span>
     <span class='ocr_line' id='line_1_12' title="bbox 60 1220 1161 1300; baseline 0 -16"><span class='ocrx_word' id='word_1_86' title='bbox 60 1222 324 1284; x_wconf 88' lang='lat' dir='ltr'><strong>condescensionis</strong></span> <span class='ocrx_word' id='word_1_87' title='bbox 355 1238 428 1300; x_wconf 87' lang='lat' dir='ltr'><strong>erga</strong></span> <span class='ocrx_word' id='word_1_88' title='bbox 457 1237 624 1283; x_wconf 89' lang='lat' dir='ltr'><strong>conservos</strong></span> <span class='ocrx_word' id='word_1_89' title='bbox 647 1229 677 1282; x_wconf 93' lang='lat' dir='ltr'><strong>et</strong></span> <span class='ocrx_word' id='word_1_90' title='bbox 699 1238 814 1280; x_wconf 84' lang='lat' dir='ltr'><strong>servos.</strong></span> <span class='ocrx_word' id='word_1_91' title='bbox 872 1220 1016 1282; x_wconf 85' lang='lat' dir='ltr'><strong>Dominus</strong></span> <span class='ocrx_word' id='word_1_92' title='bbox 1040 1223 1161 1297; x_wconf 85' lang='lat' dir='ltr'><strong>quidem</strong></span> 
     </span>
     <span class='ocr_line' id='line_1_13' title="bbox 61 1307 1162 1386; baseline -0.001 -15"><span class='ocrx_word' id='word_1_93' title='bbox 61 1315 216 1372; x_wconf 83' lang='lat' dir='ltr'><strong>cinctura</strong></span> <span class='ocrx_word' id='word_1_94' title='bbox 237 1310 292 1371; x_wconf 87' lang='lat' dir='ltr'><strong>luit</strong></span> <span class='ocrx_word' id='word_1_95' title='bbox 315 1315 345 1369; x_wconf 90' lang='lat' dir='ltr'><strong>et</strong></span> <span class='ocrx_word' id='word_1_96' title='bbox 367 1310 550 1386; x_wconf 89' lang='lat' dir='ltr'><strong>permansit,</strong></span> <span class='ocrx_word' id='word_1_97' title='bbox 580 1307 635 1368; x_wconf 90' lang='lat' dir='ltr'><strong>sed</strong></span> <span class='ocrx_word' id='word_1_98' title='bbox 656 1313 777 1385; x_wconf 91' lang='lat' dir='ltr'><strong>propter</strong></span> <span class='ocrx_word' id='word_1_99' title='bbox 800 1325 863 1383; x_wconf 89' lang='lat' dir='ltr'><strong>me,</strong></span> <span class='ocrx_word' id='word_1_100' title='bbox 895 1309 945 1382; x_wconf 87' lang='lat' dir='ltr'><strong>qui</strong></span> <span class='ocrx_word' id='word_1_101' title='bbox 967 1314 1075 1369; x_wconf 88' lang='lat' dir='ltr'><strong>natura</strong></span> <span class='ocrx_word' id='word_1_102' title='bbox 1098 1327 1162 1370; x_wconf 91' lang='lat' dir='ltr'><strong>ser·</strong></span> 
     </span>
     <span class='ocr_line' id='line_1_14' title="bbox 10 1394 1159 1471; baseline -0.001 -14"><span class='ocrx_word' id='word_1_103' title='bbox 10 1420 12 1444; x_wconf 75' lang='grc' dir='ltr'><em>τ</em></span> <span class='ocrx_word' id='word_1_104' title='bbox 61 1410 110 1457; x_wconf 84' lang='lat' dir='ltr'><strong>vus</strong></span> <span class='ocrx_word' id='word_1_105' title='bbox 137 1412 239 1471; x_wconf 77' lang='lat' dir='ltr'><strong>mam,</strong></span> <span class='ocrx_word' id='word_1_106' title='bbox 269 1395 371 1457; x_wconf 87' lang='lat' dir='ltr'><strong>factus</strong></span> <span class='ocrx_word' id='word_1_107' title='bbox 400 1401 448 1456; x_wconf 90' lang='lat' dir='ltr'><strong>cst</strong></span> <span class='ocrx_word' id='word_1_108' title='bbox 477 1411 602 1469; x_wconf 87' lang='lat' dir='ltr'><strong>servus,</strong></span> <span class='ocrx_word' id='word_1_109' title='bbox 632 1396 741 1455; x_wconf 71' lang='lat' dir='ltr'><strong>ut&#39;me</strong></span> <span class='ocrx_word' id='word_1_110' title='bbox 772 1396 838 1455; x_wconf 90' lang='lat' dir='ltr'><strong>eius</strong></span> <span class='ocrx_word' id='word_1_111' title='bbox 860 1394 973 1455; x_wconf 87' lang='lat' dir='ltr'><strong>iaceret</strong></span> <span class='ocrx_word' id='word_1_112' title='bbox 995 1395 1159 1470; x_wconf 84' lang='lat' dir='ltr'><strong>donriuum,</strong></span> 
     </span>
     <span class='ocr_line' id='line_1_15' title="bbox 10 1481 1161 1560; baseline 0.001 -17"><span class='ocrx_word' id='word_1_113' title='bbox 10 1510 12 1515; x_wconf 96' lang='lat'>·</span> <span class='ocrx_word' id='word_1_114' title='bbox 61 1483 105 1558; x_wconf 82' lang='lat' dir='ltr'><strong>qai</strong></span> <span class='ocrx_word' id='word_1_115' title='bbox 130 1499 186 1560; x_wconf 88' lang='lat' dir='ltr'><strong>per</strong></span> <span class='ocrx_word' id='word_1_116' title='bbox 214 1483 352 1543; x_wconf 87' lang='lat' dir='ltr'><strong>fraudem</strong></span> <span class='ocrx_word' id='word_1_117' title='bbox 380 1482 537 1559; x_wconf 84' lang='lat' dir='ltr'><strong>tyrannice</strong></span> <span class='ocrx_word' id='word_1_118' title='bbox 568 1481 642 1541; x_wconf 92' lang='lat' dir='ltr'><strong>mihi</strong></span> <span class='ocrx_word' id='word_1_119' title='bbox 670 1482 893 1544; x_wconf 87' lang='lat' dir='ltr'><strong>dominabatur.</strong></span> <span class='ocrx_word' id='word_1_120' title='bbox 950 1481 1073 1559; x_wconf 89' lang='lat' dir='ltr'><strong>Propter</strong></span> <span class='ocrx_word' id='word_1_121' title='bbox 1101 1484 1161 1544; x_wconf 93' lang='lat' dir='ltr'><strong>hoc</strong></span> 
     </span>
     <span class='ocr_line' id='line_1_16' title="bbox 10 1567 1161 1644; baseline 0.001 -14"><span class='ocrx_word' id='word_1_122' title='bbox 10 1574 15 1589; x_wconf 87' lang='lat'><em>&#39;</em></span> <span class='ocrx_word' id='word_1_123' title='bbox 63 1567 194 1630; x_wconf 75' lang='lat' dir='ltr'><strong>martem</strong></span> <span class='ocrx_word' id='word_1_124' title='bbox 217 1568 421 1630; x_wconf 88' lang='lat' dir='ltr'><strong>conditionem</strong></span> <span class='ocrx_word' id='word_1_125' title='bbox 445 1568 681 1644; x_wconf 88' lang='lat' dir='ltr'><strong>administravit,</strong></span> <span class='ocrx_word' id='word_1_126' title='bbox 705 1575 738 1628; x_wconf 91' lang='lat' dir='ltr'><strong>ul</strong></span> <span class='ocrx_word' id='word_1_127' title='bbox 761 1568 918 1642; x_wconf 90' lang='lat' dir='ltr'><strong>dominus,</strong></span> <span class='ocrx_word' id='word_1_128' title='bbox 942 1567 1001 1628; x_wconf 92' lang='lat' dir='ltr'><strong>hoc</strong></span> <span class='ocrx_word' id='word_1_129' title='bbox 1024 1575 1072 1628; x_wconf 90' lang='lat' dir='ltr'><strong>est</strong></span> <span class='ocrx_word' id='word_1_130' title='bbox 1093 1587 1161 1631; x_wconf 89' lang='lat' dir='ltr'><strong>car·</strong></span> 
     </span>
     <span class='ocr_line' id='line_1_17' title="bbox 10 1654 1160 1739; baseline 0.001 -22"><span class='ocrx_word' id='word_1_131' title='bbox 10 1686 15 1695; x_wconf 93' lang='lat'><em>·</em></span> <span class='ocrx_word' id='word_1_132' title='bbox 62 1670 123 1739; x_wconf 72' lang='lat' dir='ltr'><strong>uem</strong></span> <span class='ocrx_word' id='word_1_133' title='bbox 149 1656 299 1717; x_wconf 82' lang='lat' dir='ltr'><strong>exultavit</strong></span> <span class='ocrx_word' id='word_1_134' title='bbox 326 1656 420 1730; x_wconf 75' lang='lat' dir='ltr'><strong>deus,</strong></span> <span class='ocrx_word' id='word_1_135' title='bbox 457 1657 559 1729; x_wconf 87' lang='lat' dir='ltr'><strong>itaque</strong></span> <span class='ocrx_word' id='word_1_136' title='bbox 589 1655 754 1731; x_wconf 90' lang='lat' dir='ltr'><strong>polentiam</strong></span> <span class='ocrx_word' id='word_1_137' title='bbox 777 1654 996 1733; x_wconf 89' lang='lat' dir='ltr'><strong>impassibilem</strong></span> <span class='ocrx_word' id='word_1_138' title='bbox 1019 1661 1049 1715; x_wconf 91' lang='lat' dir='ltr'><strong>et</strong></span> <span class='ocrx_word' id='word_1_139' title='bbox 1069 1657 1160 1731; x_wconf 87' lang='lat' dir='ltr'><strong>plane</strong></span> 
     </span>
     <span class='ocr_line' id='line_1_18' title="bbox 10 1739 1159 1818; baseline 0.003 -18"><span class='ocrx_word' id='word_1_140' title='bbox 10 1784 14 1817; x_wconf 80' lang='lat'><strong>,</strong></span> <span class='ocrx_word' id='word_1_141' title='bbox 62 1739 204 1804; x_wconf 88' lang='lat' dir='ltr'><strong>dominam</strong></span> <span class='ocrx_word' id='word_1_142' title='bbox 234 1742 326 1802; x_wconf 89' lang='lat' dir='ltr'><strong>etiam</strong></span> <span class='ocrx_word' id='word_1_143' title='bbox 353 1743 384 1800; x_wconf 94' lang='lat' dir='ltr'><strong>in</strong></span> <span class='ocrx_word' id='word_1_144' title='bbox 416 1757 507 1802; x_wconf 88' lang='lat' dir='ltr'><strong>carne</strong></span> <span class='ocrx_word' id='word_1_145' title='bbox 536 1741 772 1812; x_wconf 84' lang='lat' dir='ltr'><strong>dornonstravit,</strong></span> <span class='ocrx_word' id='word_1_146' title='bbox 807 1756 885 1817; x_wconf 89' lang='lat' dir='ltr'><strong>quac</strong></span> <span class='ocrx_word' id='word_1_147' title='bbox 907 1744 1159 1818; x_wconf 85' lang='lat' dir='ltr'><strong>perpessionem</strong></span> 
     </span>
     <span class='ocr_line' id='line_1_19' title="bbox 63 1829 1240 1904; baseline 0.003 -17"><span class='ocrx_word' id='word_1_148' title='bbox 63 1842 173 1890; x_wconf 87' lang='lat' dir='ltr'><strong>omnem</strong></span> <span class='ocrx_word' id='word_1_149' title='bbox 195 1829 337 1889; x_wconf 88' lang='lat' dir='ltr'><strong>aboleret</strong></span> <span class='ocrx_word' id='word_1_150' title='bbox 353 1829 596 1904; x_wconf 85' lang='lat' dir='ltr'><strong>corruptionem,</strong></span> <span class='ocrx_word' id='word_1_151' title='bbox 620 1843 734 1904; x_wconf 87' lang='lat' dir='ltr'><strong>perque</strong></span> <span class='ocrx_word' id='word_1_152' title='bbox 752 1834 881 1888; x_wconf 90' lang='lat' dir='ltr'><strong>mortem</strong></span> <span class='ocrx_word' id='word_1_153' title='bbox 899 1834 1020 1904; x_wconf 90' lang='lat' dir='ltr'><strong>pareret</strong></span> <span class='ocrx_word' id='word_1_154' title='bbox 1038 1830 1160 1891; x_wconf 91' lang='lat' dir='ltr'><strong>immor·</strong></span> <span class='ocrx_word' id='word_1_155' title='bbox 1238 1867 1240 1871; x_wconf 80' lang='lat'><em>.</em></span> 
     </span>
     <span class='ocr_line' id='line_1_20' title="bbox 10 1913 1161 1990; baseline 0.003 -16"><span class='ocrx_word' id='word_1_156' title='bbox 10 1918 15 1943; x_wconf 71' lang='lat'><em>¹</em></span> <span class='ocrx_word' id='word_1_157' title='bbox 62 1913 153 1976; x_wconf 84' lang='lat' dir='ltr'><strong>talem</strong></span> <span class='ocrx_word' id='word_1_158' title='bbox 211 1914 330 1975; x_wconf 88' lang='lat' dir='ltr'><strong>Rursus</strong></span> <span class='ocrx_word' id='word_1_159' title='bbox 360 1920 505 1989; x_wconf 72' lang='lat' dir='ltr'><strong>unquam</strong></span> <span class='ocrx_word' id='word_1_160' title='bbox 534 1931 643 1975; x_wconf 84' lang='lat' dir='ltr'><strong>servus</strong></span> <span class='ocrx_word' id='word_1_161' title='bbox 667 1915 779 1975; x_wconf 91' lang='lat' dir='ltr'><strong>domini</strong></span> <span class='ocrx_word' id='word_1_162' title='bbox 801 1921 905 1990; x_wconf 90' lang='lat' dir='ltr'><strong>partes</strong></span> <span class='ocrx_word' id='word_1_163' title='bbox 927 1915 1161 1989; x_wconf 89' lang='lat' dir='ltr'><strong>administravit,</strong></span> 
     </span>
     <span class='ocr_line' id='line_1_21' title="bbox 10 1998 1197 2072; baseline 0.004 -13"><span class='ocrx_word' id='word_1_164' title='bbox 10 2022 15 2053; x_wconf 74' lang='lat' dir='ltr'><strong>r</strong></span> <span class='ocrx_word' id='word_1_165' title='bbox 62 1998 141 2062; x_wconf 79' lang='lat' dir='ltr'><strong>ileum</strong></span> <span class='ocrx_word' id='word_1_166' title='bbox 171 2017 206 2062; x_wconf 88' lang='lat' dir='ltr'><strong>sc</strong></span> <span class='ocrx_word' id='word_1_167' title='bbox 229 2003 260 2063; x_wconf 92' lang='lat' dir='ltr'><strong>in</strong></span> <span class='ocrx_word' id='word_1_168' title='bbox 284 2017 404 2062; x_wconf 86' lang='lat' dir='ltr'><strong>carnem</strong></span> <span class='ocrx_word' id='word_1_169' title='bbox 428 2001 607 2072; x_wconf 89' lang='lat' dir='ltr'><strong>demittens,</strong></span> <span class='ocrx_word' id='word_1_170' title='bbox 639 1999 821 2062; x_wconf 84' lang='lat' dir='ltr'><strong>ineffabilem</strong></span> <span class='ocrx_word' id='word_1_171' title='bbox 844 2002 1083 2063; x_wconf 89' lang='lat' dir='ltr'><strong>humiliationem</strong></span> <span class='ocrx_word' id='word_1_172' title='bbox 1106 2005 1159 2064; x_wconf 88' lang='lat' dir='ltr'><strong>de·</strong></span> <span class='ocrx_word' id='word_1_173' title='bbox 1194 2030 1197 2034; x_wconf 93' lang='lat'>·</span> 
     </span>
     <span class='ocr_line' id='line_1_22' title="bbox 10 2085 1157 2165; baseline -0.003 -14"><span class='ocrx_word' id='word_1_174' title='bbox 10 2098 15 2151; x_wconf 76' lang='grc' dir='ltr'>ἑ</span> <span class='ocrx_word' id='word_1_175' title='bbox 63 2085 192 2164; x_wconf 85' lang='lat' dir='ltr'><strong>claravit,</strong></span> <span class='ocrx_word' id='word_1_176' title='bbox 233 2104 288 2165; x_wconf 90' lang='lat' dir='ltr'><strong>per</strong></span> <span class='ocrx_word' id='word_1_177' title='bbox 311 2103 402 2162; x_wconf 89' lang='lat' dir='ltr'><strong>qnam</strong></span> <span class='ocrx_word' id='word_1_178' title='bbox 424 2086 574 2148; x_wconf 85' lang='lat' dir='ltr'><strong>deificavit</strong></span> <span class='ocrx_word' id='word_1_179' title='bbox 602 2103 700 2163; x_wconf 88' lang='lat' dir='ltr'><strong>genus</strong></span> <span class='ocrx_word' id='word_1_180' title='bbox 731 2094 865 2147; x_wconf 89' lang='lat' dir='ltr'><strong>nostrum</strong></span> <span class='ocrx_word' id='word_1_181' title='bbox 896 2090 1091 2162; x_wconf 88' lang='lat' dir='ltr'><strong>universum,</strong></span> <span class='ocrx_word' id='word_1_182' title='bbox 1127 2091 1157 2148; x_wconf 91' lang='lat' dir='ltr'><strong>in</strong></span> 
     </span>
     <span class='ocr_line' id='line_1_23' title="bbox 10 2173 1157 2253; baseline -0.002 -14"><span class='ocrx_word' id='word_1_183' title='bbox 10 2198 15 2239; x_wconf 74' lang='grc' dir='ltr'><em>τ</em></span> <span class='ocrx_word' id='word_1_184' title='bbox 62 2188 143 2235; x_wconf 74' lang='lat' dir='ltr'><strong>mma</strong></span> <span class='ocrx_word' id='word_1_185' title='bbox 177 2174 336 2253; x_wconf 88' lang='lat' dir='ltr'><strong>passibili,</strong></span> <span class='ocrx_word' id='word_1_186' title='bbox 370 2173 450 2250; x_wconf 86' lang='lat' dir='ltr'><strong>quod</strong></span> <span class='ocrx_word' id='word_1_187' title='bbox 483 2191 539 2252; x_wconf 91' lang='lat' dir='ltr'><strong>per</strong></span> <span class='ocrx_word' id='word_1_188' title='bbox 567 2175 790 2250; x_wconf 88' lang='lat' dir='ltr'><strong>corruptionem</strong></span> <span class='ocrx_word' id='word_1_189' title='bbox 819 2175 849 2233; x_wconf 92' lang='lat' dir='ltr'><strong>in</strong></span> <span class='ocrx_word' id='word_1_190' title='bbox 881 2181 1019 2234; x_wconf 90' lang='lat' dir='ltr'><strong>terrenas</strong></span> <span class='ocrx_word' id='word_1_191' title='bbox 1049 2175 1157 2236; x_wconf 92' lang='lat' dir='ltr'><strong>sordes</strong></span> 
     </span>
    </p>
   </div>
   <div class='ocr_carea' id='block_1_3' title="bbox 11 2259 1235 2340">
    <p class='ocr_par' dir='ltr' id='par_1_3' title="bbox 11 2259 1235 2340">
     <span class='ocr_line' id='line_1_24' title="bbox 11 2259 1235 2340; baseline 0.002 -19"><span class='ocrx_word' id='word_1_192' title='bbox 11 2292 16 2299; x_wconf 94' lang='lat'><em>·</em></span> <span class='ocrx_word' id='word_1_193' title='bbox 61 2259 139 2334; x_wconf 83' lang='lat' dir='ltr'><strong>plane</strong></span> <span class='ocrx_word' id='word_1_194' title='bbox 161 2261 413 2340; x_wconf 88' lang='lat' dir='ltr'><strong>degeneraverat.</strong></span> <span class='ocrx_word' id='word_1_195' title='bbox 458 2260 522 2321; x_wconf 88' lang='lat' dir='ltr'><strong>Hac</strong></span> <span class='ocrx_word' id='word_1_196' title='bbox 541 2263 621 2321; x_wconf 88' lang='lat' dir='ltr'><strong>enim</strong></span> <span class='ocrx_word' id='word_1_197' title='bbox 645 2262 918 2321; x_wconf 87' lang='lat' dir='ltr'><strong>communicatione</strong></span> <span class='ocrx_word' id='word_1_198' title='bbox 941 2263 1156 2338; x_wconf 87' lang='lat' dir='ltr'><strong>proprietatum</strong></span> <span class='ocrx_word' id='word_1_199' title='bbox 1230 2315 1235 2323; x_wconf 83' lang='grc'><em>,</em></span> 
     </span>
    </p>
   </div>
   <div class='ocr_carea' id='block_1_4' title="bbox 12 2348 1285 2431">
    <p class='ocr_par' dir='ltr' id='par_1_4' title="bbox 12 2348 1285 2431">
     <span class='ocr_line' id='line_1_25' title="bbox 12 2348 1285 2431; baseline 0.002 -26"><span class='ocrx_word' id='word_1_200' title='bbox 12 2410 16 2417; x_wconf 62' lang='grc'><strong>,</strong></span> <span class='ocrx_word' id='word_1_201' title='bbox 61 2353 171 2410; x_wconf 85' lang='lat' dir='ltr'><strong>constat</strong></span> <span class='ocrx_word' id='word_1_202' title='bbox 191 2357 270 2409; x_wconf 67' lang='lat' dir='ltr'><strong>&#39;eum</strong></span> <span class='ocrx_word' id='word_1_203' title='bbox 299 2354 329 2409; x_wconf 92' lang='lat' dir='ltr'><strong>et</strong></span> <span class='ocrx_word' id='word_1_204' title='bbox 357 2348 536 2431; x_wconf 82' lang='lat' dir='ltr'><strong>possedisse</strong></span> <span class='ocrx_word' id='word_1_205' title='bbox 565 2353 711 2422; x_wconf 91' lang='lat' dir='ltr'><strong>naturas,</strong></span> <span class='ocrx_word' id='word_1_206' title='bbox 743 2364 872 2422; x_wconf 83' lang='lat' dir='ltr'><strong>qrrarum</strong></span> <span class='ocrx_word' id='word_1_207' title='bbox 895 2348 1069 2424; x_wconf 86' lang='lat' dir='ltr'><strong>hypostasis</strong></span> <span class='ocrx_word' id='word_1_208' title='bbox 1092 2355 1158 2408; x_wconf 89' lang='lat' dir='ltr'><strong>erat</strong></span> <span class='ocrx_word' id='word_1_209' title='bbox 1205 2387 1208 2390; x_wconf 87' lang='lat'>-</span> <span class='ocrx_word' id='word_1_210' title='bbox 1248 2358 1251 2362; x_wconf 85' lang='grc'><em>·</em></span> <span class='ocrx_word' id='word_1_211' title='bbox 1283 2383 1285 2390; x_wconf 93' lang='lat'><em>·</em></span> 
     </span>
    </p>
   </div>
   <div class='ocr_carea' id='block_1_5' title="bbox 10 2433 1158 4157">
    <p class='ocr_par' dir='ltr' id='par_1_5' title="bbox 10 2433 1158 4157">
     <span class='ocr_line' id='line_1_26' title="bbox 60 2433 1156 2510; baseline 0.005 -20"><span class='ocrx_word' id='word_1_212' title='bbox 60 2433 130 2509; x_wconf 89' lang='lat' dir='ltr'><strong>ipse,</strong></span> <span class='ocrx_word' id='word_1_213' title='bbox 160 2440 191 2495; x_wconf 91' lang='lat' dir='ltr'><strong>ct</strong></span> <span class='ocrx_word' id='word_1_214' title='bbox 212 2434 379 2496; x_wconf 89' lang='lat' dir='ltr'><strong>earundem</strong></span> <span class='ocrx_word' id='word_1_215' title='bbox 403 2433 584 2495; x_wconf 88' lang='lat' dir='ltr'><strong>essentiales</strong></span> <span class='ocrx_word' id='word_1_216' title='bbox 608 2435 800 2510; x_wconf 88' lang='lat' dir='ltr'><strong>operationes</strong></span> <span class='ocrx_word' id='word_1_217' title='bbox 823 2440 997 2509; x_wconf 82' lang='lat' dir='ltr'><strong>motusque,</strong></span> <span class='ocrx_word' id='word_1_218' title='bbox 1029 2451 1156 2509; x_wconf 88' lang='lat' dir='ltr'><strong>quorum</strong></span> 
     </span>
     <span class='ocr_line' id='line_1_27' title="bbox 59 2519 1157 2596; baseline 0.005 -20"><span class='ocrx_word' id='word_1_219' title='bbox 59 2519 129 2596; x_wconf 86' lang='lat' dir='ltr'><strong>lpse,</strong></span> <span class='ocrx_word' id='word_1_220' title='bbox 160 2522 228 2582; x_wconf 88' lang='lat' dir='ltr'><strong>sine</strong></span> <span class='ocrx_word' id='word_1_221' title='bbox 255 2521 450 2596; x_wconf 79' lang='lat' dir='ltr'><strong>confusione,</strong></span> <span class='ocrx_word' id='word_1_222' title='bbox 485 2527 551 2582; x_wconf 89' lang='lat' dir='ltr'><strong>erat</strong></span> <span class='ocrx_word' id='word_1_223' title='bbox 578 2522 688 2590; x_wconf 90' lang='lat' dir='ltr'><strong>unitio,</strong></span> <span class='ocrx_word' id='word_1_224' title='bbox 717 2520 890 2596; x_wconf 87' lang='lat' dir='ltr'><strong>etquidem</strong></span> <span class='ocrx_word' id='word_1_225' title='bbox 914 2521 982 2581; x_wconf 88' lang='lat' dir='ltr'><strong>talis</strong></span> <span class='ocrx_word' id='word_1_226' title='bbox 1006 2537 1085 2596; x_wconf 88' lang='lat' dir='ltr'><strong>quae</strong></span> <span class='ocrx_word' id='word_1_227' title='bbox 1108 2538 1157 2581; x_wconf 89' lang='lat' dir='ltr'><strong>se·</strong></span> 
     </span>
     <span class='ocr_line' id='line_1_28' title="bbox 10 2606 1157 2685; baseline -0.003 -14"><span class='ocrx_word' id='word_1_228' title='bbox 10 2666 13 2671; x_wconf 91' lang='lat'><em>.</em></span> <span class='ocrx_word' id='word_1_229' title='bbox 59 2606 181 2668; x_wconf 86' lang='lat' dir='ltr'><strong>cundum</strong></span> <span class='ocrx_word' id='word_1_230' title='bbox 212 2614 338 2669; x_wconf 87' lang='lat' dir='ltr'><strong>naturas</strong></span> <span class='ocrx_word' id='word_1_231' title='bbox 369 2609 398 2667; x_wconf 93' lang='lat' dir='ltr'><strong>in</strong></span> <span class='ocrx_word' id='word_1_232' title='bbox 430 2624 467 2667; x_wconf 89' lang='lat' dir='ltr'><strong>ec</strong></span> <span class='ocrx_word' id='word_1_233' title='bbox 493 2607 684 2685; x_wconf 86' lang='lat' dir='ltr'><strong>hypostatice</strong></span> <span class='ocrx_word' id='word_1_234' title='bbox 707 2609 873 2668; x_wconf 85' lang='lat' dir='ltr'><strong>existentes</strong></span> <span class='ocrx_word' id='word_1_235' title='bbox 898 2608 1010 2668; x_wconf 89' lang='lat' dir='ltr'><strong>nullam</strong></span> <span class='ocrx_word' id='word_1_236' title='bbox 1035 2615 1157 2684; x_wconf 91' lang='lat' dir='ltr'><strong>caperet</strong></span> 
     </span>
     <span class='ocr_line' id='line_1_29' title="bbox 10 2691 1157 2775; baseline 0.003 -22"><span class='ocrx_word' id='word_1_237' title='bbox 10 2750 15 2775; x_wconf 69' lang='lat'>÷</span> <span class='ocrx_word' id='word_1_238' title='bbox 59 2691 237 2756; x_wconf 83' lang='lat' dir='ltr'><strong>divisionem.</strong></span> <span class='ocrx_word' id='word_1_239' title='bbox 283 2695 370 2755; x_wconf 83' lang='lat' dir='ltr'><strong>Certe</strong></span> <span class='ocrx_word' id='word_1_240' title='bbox 392 2698 538 2771; x_wconf 20' lang='lat' dir='ltr'><strong>operatus*</strong></span> <span class='ocrx_word' id='word_1_241' title='bbox 560 2702 608 2755; x_wconf 88' lang='lat' dir='ltr'><strong>est</strong></span> <span class='ocrx_word' id='word_1_242' title='bbox 631 2702 834 2772; x_wconf 83' lang='lat' dir='ltr'><strong>congruenter</strong></span> <span class='ocrx_word' id='word_1_243' title='bbox 857 2697 912 2755; x_wconf 86' lang='lat' dir='ltr'><strong>sibi</strong></span> <span class='ocrx_word' id='word_1_244' title='bbox 936 2696 1012 2771; x_wconf 91' lang='lat' dir='ltr'><strong>ipsi,</strong></span> <span class='ocrx_word' id='word_1_245' title='bbox 1041 2712 1103 2756; x_wconf 86' lang='lat' dir='ltr'><strong>nna</strong></span> <span class='ocrx_word' id='word_1_246' title='bbox 1126 2701 1157 2755; x_wconf 90' lang='lat' dir='ltr'><strong>et</strong></span> 
     </span>
     <span class='ocr_line' id='line_1_30' title="bbox 58 2779 1157 2861; baseline 0.001 -21"><span class='ocrx_word' id='word_1_247' title='bbox 58 2779 203 2842; x_wconf 73' lang='lat' dir='ltr'><strong>indormis</strong></span> <span class='ocrx_word' id='word_1_248' title='bbox 226 2787 293 2842; x_wconf 90' lang='lat' dir='ltr'><strong>erat</strong></span> <span class='ocrx_word' id='word_1_249' title='bbox 314 2783 414 2841; x_wconf 72' lang='lat' dir='ltr'><strong>ononis</strong></span> <span class='ocrx_word' id='word_1_250' title='bbox 436 2782 502 2840; x_wconf 89' lang='lat' dir='ltr'><strong>eius</strong></span> <span class='ocrx_word' id='word_1_251' title='bbox 526 2783 620 2854; x_wconf 69' lang='lat' dir='ltr'><strong>actio,</strong></span> <span class='ocrx_word' id='word_1_252' title='bbox 650 2783 679 2839; x_wconf 88' lang='lat' dir='ltr'><strong>in</strong></span> <span class='ocrx_word' id='word_1_253' title='bbox 703 2796 886 2857; x_wconf 88' lang='lat' dir='ltr'><strong>unoquoque</strong></span> <span class='ocrx_word' id='word_1_254' title='bbox 903 2799 957 2858; x_wconf 92' lang='lat' dir='ltr'><strong>per</strong></span> <span class='ocrx_word' id='word_1_255' title='bbox 976 2799 1046 2843; x_wconf 89' lang='lat' dir='ltr'><strong>eum</strong></span> <span class='ocrx_word' id='word_1_256' title='bbox 1065 2799 1157 2861; x_wconf 90' lang='lat' dir='ltr'><strong>opere</strong></span> 
     </span>
     <span class='ocr_line' id='line_1_31' title="bbox 10 2864 1154 2946; baseline 0.003 -22"><span class='ocrx_word' id='word_1_257' title='bbox 10 2864 13 2873; x_wconf 91' lang='lat'>&#39;</span> <span class='ocrx_word' id='word_1_258' title='bbox 58 2866 127 2928; x_wconf 86' lang='lat' dir='ltr'><strong>edito</strong></span> <span class='ocrx_word' id='word_1_259' title='bbox 162 2884 225 2928; x_wconf 90' lang='lat' dir='ltr'><strong>una</strong></span> <span class='ocrx_word' id='word_1_260' title='bbox 259 2884 328 2928; x_wconf 90' lang='lat' dir='ltr'><strong>cum</strong></span> <span class='ocrx_word' id='word_1_261' title='bbox 364 2867 485 2929; x_wconf 86' lang='lat' dir='ltr'><strong>deitatis</strong></span> <span class='ocrx_word' id='word_1_262' title='bbox 517 2869 651 2944; x_wconf 88' lang='lat' dir='ltr'><strong>potantia</strong></span> <span class='ocrx_word' id='word_1_263' title='bbox 682 2869 772 2927; x_wconf 91' lang='lat' dir='ltr'><strong>simul</strong></span> <span class='ocrx_word' id='word_1_264' title='bbox 802 2868 977 2929; x_wconf 85' lang='lat' dir='ltr'><strong>declarabat</strong></span> <span class='ocrx_word' id='word_1_265' title='bbox 1013 2870 1154 2946; x_wconf 89' lang='lat' dir='ltr'><strong>propriae</strong></span> 
     </span>
     <span class='ocr_line' id='line_1_32' title="bbox 10 2954 1157 3033; baseline 0.004 -22"><span class='ocrx_word' id='word_1_266' title='bbox 10 2960 12 2964; x_wconf 83' lang='lat'>&#39;</span> <span class='ocrx_word' id='word_1_267' title='bbox 58 2954 147 3014; x_wconf 90' lang='lat' dir='ltr'><strong>curnis</strong></span> <span class='ocrx_word' id='word_1_268' title='bbox 170 2957 394 3030; x_wconf 88' lang='lat' dir='ltr'><strong>operationem;</strong></span> <span class='ocrx_word' id='word_1_269' title='bbox 423 2970 503 3014; x_wconf 90' lang='lat' dir='ltr'><strong>unus</strong></span> <span class='ocrx_word' id='word_1_270' title='bbox 527 2956 639 3031; x_wconf 87' lang='lat' dir='ltr'><strong>quippe</strong></span> <span class='ocrx_word' id='word_1_271' title='bbox 660 2960 741 3027; x_wconf 87' lang='lat' dir='ltr'><strong>erat,</strong></span> <span class='ocrx_word' id='word_1_272' title='bbox 773 2961 803 3015; x_wconf 90' lang='lat' dir='ltr'><strong>et</strong></span> <span class='ocrx_word' id='word_1_273' title='bbox 825 2971 861 3015; x_wconf 89' lang='lat' dir='ltr'><strong>ec</strong></span> <span class='ocrx_word' id='word_1_274' title='bbox 883 2972 945 3015; x_wconf 89' lang='lat' dir='ltr'><strong>uno</strong></span> <span class='ocrx_word' id='word_1_275' title='bbox 969 2955 1042 3014; x_wconf 89' lang='lat' dir='ltr'><strong>nihil</strong></span> <span class='ocrx_word' id='word_1_276' title='bbox 1060 2958 1157 3033; x_wconf 89' lang='lat' dir='ltr'><strong>potnit</strong></span> 
     </span>
     <span class='ocr_line' id='line_1_33' title="bbox 57 3041 1157 3119; baseline 0.003 -20"><span class='ocrx_word' id='word_1_277' title='bbox 57 3043 145 3119; x_wconf 62' lang='lat' dir='ltr'><strong>mapa</strong></span> <span class='ocrx_word' id='word_1_278' title='bbox 168 3056 239 3102; x_wconf 87' lang='lat' dir='ltr'><strong>esse</strong></span> <span class='ocrx_word' id='word_1_279' title='bbox 261 3056 373 3113; x_wconf 88' lang='lat' dir='ltr'><strong>uuam,</strong></span> <span class='ocrx_word' id='word_1_280' title='bbox 412 3056 468 3101; x_wconf 88' lang='lat' dir='ltr'><strong>nec</strong></span> <span class='ocrx_word' id='word_1_281' title='bbox 491 3057 595 3101; x_wconf 90' lang='lat' dir='ltr'><strong>eorum</strong></span> <span class='ocrx_word' id='word_1_282' title='bbox 619 3057 697 3115; x_wconf 91' lang='lat' dir='ltr'><strong>quae</strong></span> <span class='ocrx_word' id='word_1_283' title='bbox 721 3041 761 3100; x_wconf 90' lang='lat' dir='ltr'><strong>ad</strong></span> <span class='ocrx_word' id='word_1_284' title='bbox 783 3058 853 3102; x_wconf 91' lang='lat' dir='ltr'><strong>eum</strong></span> <span class='ocrx_word' id='word_1_285' title='bbox 877 3043 1070 3117; x_wconf 90' lang='lat' dir='ltr'><strong>pertinebant</strong></span> <span class='ocrx_word' id='word_1_286' title='bbox 1091 3059 1157 3102; x_wconf 89' lang='lat' dir='ltr'><strong>ma-</strong></span> 
     </span>
     <span class='ocr_line' id='line_1_34' title="bbox 56 3127 1155 3204; baseline -0.001 -16"><span class='ocrx_word' id='word_1_287' title='bbox 56 3127 96 3203; x_wconf 73' lang='lat' dir='ltr'><strong>gu</strong></span> <span class='ocrx_word' id='word_1_288' title='bbox 116 3128 268 3189; x_wconf 88' lang='lat' dir='ltr'><strong>unitivum</strong></span> <span class='ocrx_word' id='word_1_289' title='bbox 291 3133 322 3187; x_wconf 90' lang='lat' dir='ltr'><strong>et</strong></span> <span class='ocrx_word' id='word_1_290' title='bbox 344 3129 604 3202; x_wconf 85' lang='lat' dir='ltr'><strong>conservativum,</strong></span> <span class='ocrx_word' id='word_1_291' title='bbox 628 3129 755 3202; x_wconf 89' lang='lat' dir='ltr'><strong>ideoque</strong></span> <span class='ocrx_word' id='word_1_292' title='bbox 775 3132 804 3188; x_wconf 90' lang='lat' dir='ltr'><strong>et</strong></span> <span class='ocrx_word' id='word_1_293' title='bbox 824 3130 873 3202; x_wconf 87' lang='lat' dir='ltr'><strong>qui</strong></span> <span class='ocrx_word' id='word_1_294' title='bbox 891 3129 1061 3204; x_wconf 88' lang='lat' dir='ltr'><strong>patiebatur</strong></span> <span class='ocrx_word' id='word_1_295' title='bbox 1080 3128 1155 3190; x_wconf 89' lang='lat' dir='ltr'><strong>deus</strong></span> 
     </span>
     <span class='ocr_line' id='line_1_35' title="bbox 10 3215 1155 3290; baseline 0.003 -18"><span class='ocrx_word' id='word_1_296' title='bbox 10 3280 15 3289; x_wconf 35' lang='lat'><strong>¹</strong></span> <span class='ocrx_word' id='word_1_297' title='bbox 55 3218 113 3275; x_wconf 87' lang='lat' dir='ltr'><strong>aral</strong></span> <span class='ocrx_word' id='word_1_298' title='bbox 140 3230 265 3289; x_wconf 90' lang='lat' dir='ltr'><strong>revera,</strong></span> <span class='ocrx_word' id='word_1_299' title='bbox 300 3220 330 3276; x_wconf 88' lang='lat' dir='ltr'><strong>ct</strong></span> <span class='ocrx_word' id='word_1_300' title='bbox 359 3215 410 3289; x_wconf 87' lang='lat' dir='ltr'><strong>qui</strong></span> <span class='ocrx_word' id='word_1_301' title='bbox 440 3215 585 3275; x_wconf 85' lang='lat' dir='ltr'><strong>miracula</strong></span> <span class='ocrx_word' id='word_1_302' title='bbox 614 3216 754 3290; x_wconf 88' lang='lat' dir='ltr'><strong>patrabat</strong></span> <span class='ocrx_word' id='word_1_303' title='bbox 776 3232 835 3276; x_wconf 92' lang='lat' dir='ltr'><strong>non</strong></span> <span class='ocrx_word' id='word_1_304' title='bbox 860 3216 958 3274; x_wconf 89' lang='lat' dir='ltr'><strong>minus</strong></span> <span class='ocrx_word' id='word_1_305' title='bbox 982 3215 1155 3276; x_wconf 83' lang='lat' dir='ltr'><strong>nereidem</strong></span> 
     </span>
     <span class='ocr_line' id='line_1_36' title="bbox 54 3297 1156 3378; baseline 0.002 -19"><span class='ocrx_word' id='word_1_306' title='bbox 54 3297 137 3361; x_wconf 85' lang='lat' dir='ltr'><strong>homo</strong></span> <span class='ocrx_word' id='word_1_307' title='bbox 159 3300 251 3375; x_wconf 68' lang='lat' dir='ltr'><strong>luit,</strong></span> <span class='ocrx_word' id='word_1_308' title='bbox 269 3302 409 3376; x_wconf 87' lang='lat' dir='ltr'><strong>queniam</strong></span> <span class='ocrx_word' id='word_1_309' title='bbox 435 3302 464 3359; x_wconf 92' lang='lat' dir='ltr'><strong>in</strong></span> <span class='ocrx_word' id='word_1_310' title='bbox 488 3317 524 3360; x_wconf 89' lang='lat' dir='ltr'><strong>cc</strong></span> <span class='ocrx_word' id='word_1_311' title='bbox 547 3306 673 3361; x_wconf 86' lang='lat' dir='ltr'><strong>naturae</strong></span> <span class='ocrx_word' id='word_1_312' title='bbox 696 3318 786 3362; x_wconf 88' lang='lat' dir='ltr'><strong>verae</strong></span> <span class='ocrx_word' id='word_1_313' title='bbox 809 3318 863 3378; x_wconf 92' lang='lat' dir='ltr'><strong>per</strong></span> <span class='ocrx_word' id='word_1_314' title='bbox 886 3301 1029 3361; x_wconf 90' lang='lat' dir='ltr'><strong>unionem</strong></span> <span class='ocrx_word' id='word_1_315' title='bbox 1053 3300 1156 3361; x_wconf 86' lang='lat' dir='ltr'><strong>ineffa-</strong></span> 
     </span>
     <span class='ocr_line' id='line_1_37' title="bbox 54 3385 1156 3465; baseline 0.002 -20"><span class='ocrx_word' id='word_1_316' title='bbox 54 3385 136 3448; x_wconf 84' lang='lat' dir='ltr'><strong>bilem</strong></span> <span class='ocrx_word' id='word_1_317' title='bbox 158 3386 382 3465; x_wconf 84' lang='lat' dir='ltr'><strong>hypostaticam</strong></span> <span class='ocrx_word' id='word_1_318' title='bbox 407 3403 478 3446; x_wconf 87' lang='lat' dir='ltr'><strong>vere</strong></span> <span class='ocrx_word' id='word_1_319' title='bbox 501 3388 689 3449; x_wconf 89' lang='lat' dir='ltr'><strong>uniebantur.</strong></span> <span class='ocrx_word' id='word_1_320' title='bbox 742 3387 796 3447; x_wconf 88' lang='lat' dir='ltr'><strong>His</strong></span> <span class='ocrx_word' id='word_1_321' title='bbox 818 3389 942 3463; x_wconf 89' lang='lat' dir='ltr'><strong>inquam</strong></span> <span class='ocrx_word' id='word_1_322' title='bbox 966 3389 1104 3464; x_wconf 85' lang='lat' dir='ltr'><strong>apposite</strong></span> <span class='ocrx_word' id='word_1_323' title='bbox 1126 3393 1156 3448; x_wconf 90' lang='lat' dir='ltr'><strong>et</strong></span> 
     </span>
     <span class='ocr_line' id='line_1_38' title="bbox 53 3475 1156 3552; baseline 0 -19"><span class='ocrx_word' id='word_1_324' title='bbox 53 3479 251 3552; x_wconf 83' lang='lat' dir='ltr'><strong>magrucuter</strong></span> <span class='ocrx_word' id='word_1_325' title='bbox 272 3479 418 3551; x_wconf 90' lang='lat' dir='ltr'><strong>operatus</strong></span> <span class='ocrx_word' id='word_1_326' title='bbox 441 3475 526 3549; x_wconf 90' lang='lat' dir='ltr'><strong>ipsas</strong></span> <span class='ocrx_word' id='word_1_327' title='bbox 545 3490 616 3535; x_wconf 85' lang='lat' dir='ltr'><strong>vere</strong></span> <span class='ocrx_word' id='word_1_328' title='bbox 635 3475 842 3549; x_wconf 84' lang='lat' dir='ltr'><strong>conservabit,</strong></span> <span class='ocrx_word' id='word_1_329' title='bbox 865 3477 932 3551; x_wconf 91' lang='lat' dir='ltr'><strong>ipsc</strong></span> <span class='ocrx_word' id='word_1_330' title='bbox 951 3475 1069 3534; x_wconf 90' lang='lat' dir='ltr'><strong>interim</strong></span> <span class='ocrx_word' id='word_1_331' title='bbox 1090 3475 1156 3533; x_wconf 89' lang='lat' dir='ltr'><strong>sine</strong></span> 
     </span>
     <span class='ocr_line' id='line_1_39' title="bbox 52 3560 1157 3638; baseline 0 -17"><span class='ocrx_word' id='word_1_332' title='bbox 52 3561 226 3622; x_wconf 81' lang='lat' dir='ltr'><strong>molosionc</strong></span> <span class='ocrx_word' id='word_1_333' title='bbox 255 3577 448 3637; x_wconf 89' lang='lat' dir='ltr'><strong>permanens.</strong></span> <span class='ocrx_word' id='word_1_334' title='bbox 501 3560 571 3622; x_wconf 83' lang='lat' dir='ltr'><strong>Erat</strong></span> <span class='ocrx_word' id='word_1_335' title='bbox 599 3562 679 3622; x_wconf 92' lang='lat' dir='ltr'><strong>enim</strong></span> <span class='ocrx_word' id='word_1_336' title='bbox 710 3566 739 3621; x_wconf 90' lang='lat' dir='ltr'><strong>et</strong></span> <span class='ocrx_word' id='word_1_337' title='bbox 768 3567 877 3622; x_wconf 89' lang='lat' dir='ltr'><strong>natura</strong></span> <span class='ocrx_word' id='word_1_338' title='bbox 905 3561 1102 3638; x_wconf 90' lang='lat' dir='ltr'><strong>impassibilis</strong></span> <span class='ocrx_word' id='word_1_339' title='bbox 1126 3569 1157 3621; x_wconf 89' lang='lat' dir='ltr'><strong>et</strong></span> 
     </span>
     <span class='ocr_line' id='line_1_40' title="bbox 51 3647 1157 3724; baseline 0 -16"><span class='ocrx_word' id='word_1_340' title='bbox 51 3647 217 3721; x_wconf 84' lang='lat' dir='ltr'><strong>passibilis,</strong></span> <span class='ocrx_word' id='word_1_341' title='bbox 239 3647 417 3708; x_wconf 89' lang='lat' dir='ltr'><strong>immortalis</strong></span> <span class='ocrx_word' id='word_1_342' title='bbox 440 3652 470 3707; x_wconf 88' lang='lat' dir='ltr'><strong>ct</strong></span> <span class='ocrx_word' id='word_1_343' title='bbox 491 3648 644 3723; x_wconf 90' lang='lat' dir='ltr'><strong>mortalis,</strong></span> <span class='ocrx_word' id='word_1_344' title='bbox 669 3648 794 3708; x_wconf 85' lang='lat' dir='ltr'><strong>visibilis</strong></span> <span class='ocrx_word' id='word_1_345' title='bbox 817 3654 847 3708; x_wconf 94' lang='lat' dir='ltr'><strong>et</strong></span> <span class='ocrx_word' id='word_1_346' title='bbox 869 3647 1077 3724; x_wconf 89' lang='lat' dir='ltr'><strong>intelligibilis,</strong></span> <span class='ocrx_word' id='word_1_347' title='bbox 1102 3664 1157 3708; x_wconf 88' lang='lat' dir='ltr'><strong>na-</strong></span> 
     </span>
     <span class='ocr_line' id='line_1_41' title="bbox 10 3733 1156 3812; baseline 0.001 -19"><span class='ocrx_word' id='word_1_348' title='bbox 10 3746 13 3757; x_wconf 82' lang='grc'><strong>’</strong></span> <span class='ocrx_word' id='word_1_349' title='bbox 51 3738 113 3794; x_wconf 89' lang='lat' dir='ltr'><strong>tura</strong></span> <span class='ocrx_word' id='word_1_350' title='bbox 145 3733 222 3796; x_wconf 86' lang='lat' dir='ltr'><strong>deus</strong></span> <span class='ocrx_word' id='word_1_351' title='bbox 252 3739 283 3795; x_wconf 90' lang='lat' dir='ltr'><strong>ct</strong></span> <span class='ocrx_word' id='word_1_352' title='bbox 311 3733 390 3794; x_wconf 90' lang='lat' dir='ltr'><strong>idem</strong></span> <span class='ocrx_word' id='word_1_353' title='bbox 422 3741 532 3796; x_wconf 87' lang='lat' dir='ltr'><strong>natura</strong></span> <span class='ocrx_word' id='word_1_354' title='bbox 559 3734 658 3795; x_wconf 85' lang='lat' dir='ltr'><strong>horno.</strong></span> <span class='ocrx_word' id='word_1_355' title='bbox 711 3733 775 3795; x_wconf 88' lang='lat' dir='ltr'><strong>Hoc</strong></span> <span class='ocrx_word' id='word_1_356' title='bbox 805 3734 904 3810; x_wconf 89' lang='lat' dir='ltr'><strong>modo</strong></span> <span class='ocrx_word' id='word_1_357' title='bbox 924 3740 958 3793; x_wconf 93' lang='lat' dir='ltr'><strong>ut</strong></span> <span class='ocrx_word' id='word_1_358' title='bbox 987 3733 1067 3809; x_wconf 90' lang='lat' dir='ltr'><strong>quod</strong></span> <span class='ocrx_word' id='word_1_359' title='bbox 1098 3750 1156 3812; x_wconf 87' lang='lat' dir='ltr'><strong>ego</strong></span> 
     </span>
     <span class='ocr_line' id='line_1_42' title="bbox 51 3820 1156 3896; baseline 0.001 -17"><span class='ocrx_word' id='word_1_360' title='bbox 51 3821 152 3881; x_wconf 83' lang='lat' dir='ltr'><strong>sanbo-</strong></span> <span class='ocrx_word' id='word_1_361' title='bbox 168 3820 295 3896; x_wconf 87' lang='lat' dir='ltr'><strong>loquar,</strong></span> <span class='ocrx_word' id='word_1_362' title='bbox 324 3821 530 3881; x_wconf 86' lang='lat' dir='ltr'><strong>obedientiam</strong></span> <span class='ocrx_word' id='word_1_363' title='bbox 553 3823 583 3880; x_wconf 91' lang='lat' dir='ltr'><strong>in</strong></span> <span class='ocrx_word' id='word_1_364' title='bbox 605 3821 723 3883; x_wconf 88' lang='lat' dir='ltr'><strong>horrore</strong></span> <span class='ocrx_word' id='word_1_365' title='bbox 747 3823 837 3883; x_wconf 86' lang='lat' dir='ltr'><strong>allicit</strong></span> <span class='ocrx_word' id='word_1_366' title='bbox 860 3821 1019 3892; x_wconf 89' lang='lat' dir='ltr'><strong>dominns,</strong></span> <span class='ocrx_word' id='word_1_367' title='bbox 1042 3821 1156 3882; x_wconf 89' lang='lat' dir='ltr'><strong>eteius</strong></span> 
     </span>
     <span class='ocr_line' id='line_1_43' title="bbox 51 3903 1158 3986; baseline 0.001 -20"><span class='ocrx_word' id='word_1_368' title='bbox 51 3907 263 3984; x_wconf 85' lang='lat' dir='ltr'><strong>experientiam</strong></span> <span class='ocrx_word' id='word_1_369' title='bbox 293 3906 499 3986; x_wconf 85' lang='lat' dir='ltr'><strong>perpetiendis</strong></span> <span class='ocrx_word' id='word_1_370' title='bbox 530 3907 621 3971; x_wconf 84' lang='lat' dir='ltr'><strong>matis</strong></span> <span class='ocrx_word' id='word_1_371' title='bbox 650 3909 745 3984; x_wconf 85' lang='lat' dir='ltr'><strong>capit,</strong></span> <span class='ocrx_word' id='word_1_372' title='bbox 780 3925 839 3969; x_wconf 89' lang='lat' dir='ltr'><strong>non</strong></span> <span class='ocrx_word' id='word_1_373' title='bbox 863 3913 980 3967; x_wconf 88' lang='lat' dir='ltr'><strong>tantum</strong></span> <span class='ocrx_word' id='word_1_374' title='bbox 1004 3903 1158 3968; x_wconf 84' lang='lat' dir='ltr'><strong>ul‘salvet</strong></span> 
     </span>
     <span class='ocr_line' id='line_1_44' title="bbox 51 3994 1157 4072; baseline -0.001 -18"><span class='ocrx_word' id='word_1_375' title='bbox 51 4009 118 4069; x_wconf 89' lang='lat' dir='ltr'><strong>uos,</strong></span> <span class='ocrx_word' id='word_1_376' title='bbox 149 4000 244 4055; x_wconf 90' lang='lat' dir='ltr'><strong>totum</strong></span> <span class='ocrx_word' id='word_1_377' title='bbox 274 4010 292 4053; x_wconf 86' lang='lat' dir='ltr'><strong>a</strong></span> <span class='ocrx_word' id='word_1_378' title='bbox 322 3995 393 4054; x_wconf 89' lang='lat' dir='ltr'><strong>vitio</strong></span> <span class='ocrx_word' id='word_1_379' title='bbox 423 3994 586 4072; x_wconf 87' lang='lat' dir='ltr'><strong>purgando</strong></span> <span class='ocrx_word' id='word_1_380' title='bbox 617 3999 775 4068; x_wconf 88' lang='lat' dir='ltr'><strong>naturam,</strong></span> <span class='ocrx_word' id='word_1_381' title='bbox 808 4011 913 4055; x_wconf 89' lang='lat' dir='ltr'><strong>varum</strong></span> <span class='ocrx_word' id='word_1_382' title='bbox 937 3995 1025 4055; x_wconf 89' lang='lat' dir='ltr'><strong>etiam</strong></span> <span class='ocrx_word' id='word_1_383' title='bbox 1048 4000 1081 4055; x_wconf 89' lang='lat' dir='ltr'><strong>ut</strong></span> <span class='ocrx_word' id='word_1_384' title='bbox 1104 4010 1157 4053; x_wconf 89' lang='lat' dir='ltr'><strong>ex-</strong></span> 
     </span>
     <span class='ocr_line' id='line_1_45' title="bbox 50 4079 1157 4157; baseline 0 -16"><span class='ocrx_word' id='word_1_385' title='bbox 50 4079 141 4154; x_wconf 82' lang='lat' dir='ltr'><strong>ploret</strong></span> <span class='ocrx_word' id='word_1_386' title='bbox 171 4085 305 4141; x_wconf 91' lang='lat' dir='ltr'><strong>nostram</strong></span> <span class='ocrx_word' id='word_1_387' title='bbox 334 4079 556 4151; x_wconf 88' lang='lat' dir='ltr'><strong>obedientiam,</strong></span> <span class='ocrx_word' id='word_1_388' title='bbox 588 4088 617 4140; x_wconf 81' lang='lat' dir='ltr'><strong>et</strong></span> <span class='ocrx_word' id='word_1_389' title='bbox 640 4087 746 4141; x_wconf 88' lang='lat' dir='ltr'><strong>nostra</strong></span> <span class='ocrx_word' id='word_1_390' title='bbox 767 4083 869 4142; x_wconf 88' lang='lat' dir='ltr'><strong>omnia</strong></span> <span class='ocrx_word' id='word_1_391' title='bbox 891 4081 1041 4157; x_wconf 88' lang='lat' dir='ltr'><strong>intelligat</strong></span> <span class='ocrx_word' id='word_1_392' title='bbox 1063 4097 1157 4157; x_wconf 88' lang='lat' dir='ltr'><strong>expe·</strong></span> 
     </span>
    </p>
   </div>
   <div class='ocr_carea' id='block_1_6' title="bbox 10 4226 1156 4440">
    <p class='ocr_par' dir='ltr' id='par_1_6' title="bbox 10 4226 1156 4440">
     <span class='ocr_line' id='line_1_46' title="bbox 113 4226 1156 4316; baseline 0 -34"><span class='ocrx_word' id='word_1_393' title='bbox 113 4231 155 4283; x_wconf 78' lang='lat'><strong>17.</strong></span> <span class='ocrx_word' id='word_1_394' title='bbox 174 4226 257 4314; x_wconf 57' lang='lat' dir='ltr'><strong>isiaci</strong></span> <span class='ocrx_word' id='word_1_395' title='bbox 275 4231 317 4284; x_wconf 89' lang='lat' dir='ltr'><strong>ed.</strong></span> <span class='ocrx_word' id='word_1_396' title='bbox 333 4230 422 4314; x_wconf 35' lang='lat' dir='ltr'><strong>Gal...</strong></span> <span class='ocrx_word' id='word_1_397' title='bbox 444 4231 485 4284; x_wconf 78' lang='lat'><strong>18.</strong></span> <span class='ocrx_word' id='word_1_398' title='bbox 504 4234 536 4314; x_wconf 41' lang='lat' dir='ltr'><strong>ln·</strong></span> <span class='ocrx_word' id='word_1_399' title='bbox 551 4232 689 4314; x_wconf 70' lang='lat' dir='ltr'><strong>eqd.liud.</strong></span> <span class='ocrx_word' id='word_1_400' title='bbox 703 4233 837 4314; x_wconf 55' lang='lat' dir='ltr'><strong>⁸scripturn</strong></span> <span class='ocrx_word' id='word_1_401' title='bbox 855 4227 978 4316; x_wconf 57' lang='grc' dir='ltr'><strong>ἐζήςγει,</strong></span> <span class='ocrx_word' id='word_1_402' title='bbox 1003 4231 1051 4281; x_wconf 87' lang='lat' dir='ltr'><strong>sed</strong></span> <span class='ocrx_word' id='word_1_403' title='bbox 1066 4231 1156 4282; x_wconf 88' lang='lat' dir='ltr'><strong>eadem</strong></span> 
     </span>
     <span class='ocr_line' id='line_1_47' title="bbox 10 4299 1154 4369; baseline -0.002 -17"><span class='ocrx_word' id='word_1_404' title='bbox 10 4350 17 4369; x_wconf 60' lang='grc'><strong>,</strong></span> <span class='ocrx_word' id='word_1_405' title='bbox 50 4315 136 4352; x_wconf 77' lang='lat' dir='ltr'><strong>manua</strong></span> <span class='ocrx_word' id='word_1_406' title='bbox 154 4300 438 4368; x_wconf 66' lang='lat' dir='ltr'><strong>litlanrauperposrtrs</strong></span> <span class='ocrx_word' id='word_1_407' title='bbox 458 4310 592 4368; x_wconf 77' lang='lat' dir='ltr'><strong>rescripsit</strong></span> <span class='ocrx_word' id='word_1_408' title='bbox 611 4299 738 4369; x_wconf 68' lang='grc' dir='ltr'><strong>ἓνεργων.</strong></span> <span class='ocrx_word' id='word_1_409' title='bbox 803 4301 843 4352; x_wconf 83' lang='lat' dir='ltr'><strong>tlt.</strong></span> <span class='ocrx_word' id='word_1_410' title='bbox 864 4313 1020 4367; x_wconf 72' lang='grc' dir='ltr'><strong><em>ασυγχυτος</em></strong></span> <span class='ocrx_word' id='word_1_411' title='bbox 1039 4301 1079 4350; x_wconf 90' lang='lat' dir='ltr'><strong>ed.</strong></span> <span class='ocrx_word' id='word_1_412' title='bbox 1100 4299 1154 4350; x_wconf 86' lang='lat' dir='ltr'><strong>Gal.</strong></span> 
     </span>
     <span class='ocr_line' id='line_1_48' title="bbox 50 4363 1102 4440; baseline 0 -19"><span class='ocrx_word' id='word_1_413' title='bbox 50 4370 87 4424; x_wconf 82' lang='lat' dir='ltr'><strong>eu.</strong></span> <span class='ocrx_word' id='word_1_414' title='bbox 107 4363 200 4427; x_wconf 69' lang='grc' dir='ltr'><strong><em>οὕτως</em></strong></span> <span class='ocrx_word' id='word_1_415' title='bbox 218 4369 258 4424; x_wconf 77' lang='lat' dir='ltr'><strong>ed.</strong></span> <span class='ocrx_word' id='word_1_416' title='bbox 279 4370 335 4422; x_wconf 85' lang='lat' dir='ltr'><strong>Gal.</strong></span> <span class='ocrx_word' id='word_1_417' title='bbox 389 4371 431 4425; x_wconf 82' lang='lat'><strong>21.</strong></span> <span class='ocrx_word' id='word_1_418' title='bbox 452 4366 521 4440; x_wconf 71' lang='grc' dir='ltr'>σώζῃ</span> <span class='ocrx_word' id='word_1_419' title='bbox 541 4371 583 4422; x_wconf 87' lang='lat' dir='ltr'><strong>ed.</strong></span> <span class='ocrx_word' id='word_1_420' title='bbox 604 4372 659 4424; x_wconf 85' lang='lat' dir='ltr'><strong>Gal.</strong></span> <span class='ocrx_word' id='word_1_421' title='bbox 713 4373 755 4423; x_wconf 74' lang='lat'><strong>22.</strong></span> <span class='ocrx_word' id='word_1_422' title='bbox 776 4365 967 4435; x_wconf 70' lang='lat' dir='ltr'><strong>dnoxaastpar</strong></span> <span class='ocrx_word' id='word_1_423' title='bbox 985 4370 1027 4422; x_wconf 84' lang='lat' dir='ltr'><strong>ed.</strong></span> <span class='ocrx_word' id='word_1_424' title='bbox 1047 4369 1102 4421; x_wconf 88' lang='lat' dir='ltr'><strong>Gal.</strong></span> 
     </span>
    </p>
   </div>
   <div class='ocr_carea' id='block_1_7' title="bbox 930 4440 948 4497">
    <p class='ocr_par' dir='ltr' id='par_1_7' title="bbox 930 4440 948 4497">
     <span class='ocr_line' id='line_1_49' title="bbox 930 4440 948 4497; baseline 0 0"><span class='ocrx_word' id='word_1_425' title='bbox 930 4440 948 4497; x_wconf 74' lang='lat'>2</span> 
     </span>
    </p>
   </div>
   <div class='ocr_carea' id='block_1_8' title="bbox 0 0 1380 4778">
    <p class='ocr_par' dir='ltr' id='par_1_8' title="bbox 0 0 1380 4778">
     <span class='ocr_line' id='line_1_50' title="bbox 0 0 1380 4778; baseline 0 1"><span class='ocrx_word' id='word_1_426' title='bbox 0 0 1380 4778; x_wconf 95' lang='lat' dir='ltr'><strong> </strong></span> 
     </span>
    </p>
   </div>
  </div>
 </body>
</html>
