2752 4778
1095 196 1169 273 863

56 380 159 442 Horuo
181 380 250 440 tidei
273 380 480 440 additamenta
502 378 622 441 habens
647 385 684 438 et‘
699 380 896 457 cognitionis,
920 383 1087 440 et'virtutis
1107 400 1169 442 ruo
1314 424 1333 463 .=

55 468 110 529 dis
133 473 260 539 auctus,
296 481 477 540 omnemque
500 465 699 525 materialium
723 464 860 527 fraudem
882 468 911 527 in
935 483 970 526 se
992 468 1169 545 profligans,
1256 480 1257 484 ’

54 553 213 629 Iosephus
242 553 291 612 hic
322 558 369 612 est
399 551 579 628 spiritualis,
618 552 668 626 qui
698 551 807 612 Christi
836 569 947 629 corpus
977 552 1170 630 desumptum
1329 575 1334 591 ¹

54 641 147 700 laute
174 638 344 716 pollingere
366 643 468 712 potest
489 640 580 711 inque
604 637 694 696 corde
718 638 849 698 condere
872 656 909 698 ex
934 639 1002 699 fidet
1025 643 1170 714 tauquam

54 725 164 803 lapide
199 730 331 797 structo,
369 726 465 799 ipsius
500 740 610 798 corpus
642 723 679 783 ad
708 724 805 782 instar
835 725 945 784 Christi
975 742 1087 802 corpus
1118 742 1173 802 per

55 813 210 890 gratiam,
236 818 267 871 et
288 812 423 886 corporis
445 812 581 870 membra
604 811 736 869 iustiliae
759 827 845 871 arma
868 812 924 871 deo
948 814 977 871 in
1002 813 1173 872 sanctitica-

54 900 174 958 tiouem
213 898 362 970 efficiens,
405 912 518 956 sensus
557 913 627 956 vero
663 897 796 972 corporis
833 898 1002 957 secundum
1037 899 1178 964 innatam.

55 985 209 1045 rationem
249 983 287 1042 ad
325 985 495 1042 naturalem
531 983 559 1040 in
596 983 701 1058 spiritu
734 983 1020 1059 contemplationem
1050 987 1173 1047 animae

55 1071 231 1130 ministerio
269 1071 397 1140 sistens,
438 1069 557 1143 ipsique
594 1070 713 1128 aninmo
750 1069 787 1127 ad
820 1070 944 1129 virtutes
975 1071 1172 1145 perficiendas

54 1173 167 1232 parem
190 1162 282 1230 atque
302 1155 496 1216 facultatibus
519 1156 686 1214 attribuens
710 1156 928 1229 conditionem,
953 1173 989 1216 ac
1011 1162 1173 1233 praeterea

55 1244 197 1304 animam
232 1252 322 1315 atqire
355 1241 516 1300 facultates
548 1242 615 1300 eins
646 1241 693 1299 dei
722 1241 873 1301 mandatis
904 1244 1070 1315 subiciens,
1106 1244 1171 1316 ipsa

55 1346 136 1389 vero
160 1327 305 1388 mandata
328 1326 483 1387 naturales
506 1329 626 1385 animae
650 1328 773 1386 virtutes
795 1330 945 1404 probans,
981 1345 1017 1387 ac
1040 1345 1095 1404 per
1116 1331 1172 1389 im·

54 1414 238 1476 mutabilem
269 1413 438 1473 secundum
470 1412 609 1472 virtutem
641 1418 671 1472 et
694 1412 832 1472 stabilem
856 1415 991 1474 habitum
1015 1415 1052 1473 ad
1074 1417 1172 1491 perci·

54 1500 192 1578 piendas
215 1516 321 1559 rursus
344 1506 375 1558 et
397 1500 588 1573 recipiendas
611 1500 776 1559 diviniores
799 1516 877 1575 quae
899 1503 929 1560 in
954 1501 1001 1560 dei
1022 1501 1172 1561 mandatis

55 1588 161 1648 latent
182 1587 316 1647 rationes
339 1585 570 1665 exstimulatus,
592 1591 625 1645 ut
647 1592 791 1660 tanquam
813 1587 941 1647 sindone
961 1586 1091 1663 quodam
1110 1589 1172 1664 spi·

55 1673 221 1735 ritualibus
246 1674 326 1732 circa
348 1671 407 1731 hoc
430 1687 539 1730 aevum
562 1673 754 1731 sermonibus
780 1675 1004 1735 circumvestiet
1031 1675 1172 1749 primum,

56 1778 102 1821 ex
126 1777 186 1835 qno
208 1766 240 1819 et
261 1775 315 1833 per
338 1774 427 1833 quern
451 1764 482 1818 et
501 1759 531 1816 in
556 1771 644 1832 quem
669 1761 816 1820 universa
841 1761 1021 1833 decurrunt,
1052 1759 1173 1821 Sermo·

58 1863 143 1907 uem.
197 1844 253 1918 Qui
276 1850 338 1904 tarn
362 1846 504 1904 decoram
530 1849 632 1904 servat
655 1844 864 1921 disciplinam,
894 1849 920 1906 is
943 1846 1091 1922 Iosephus
1115 1852 1172 1916 est,

57 1934 224 2008 mysticum
248 1931 358 1991 Christi
381 1947 492 2006 corpus
516 1929 677 2006 sepeliens.

56 2065 149 2139 Alia
175 2067 215 2137 in
241 2065 340 2139 idem
367 2066 638 2163 contemplatio.

171 2185 346 2258 Praeterea,
381 2192 415 2245 ut
444 2186 572 2245 breviter
602 2186 715 2258 dicam,
750 2188 799 2261 qui
830 2188 949 2246 actione
979 2193 1009 2247 et
1038 2194 1173 2249 contem·

61 2273 198 2348 piatione
234 2273 272 2332 de
307 2288 396 2332 cruce
432 2287 591 2331 sermones
629 2272 752 2349 egregie
780 2272 872 2333 tradit
901 2273 1110 2348 audientibus,
1146 2275 1173 2335 is

60 2359 213 2434 Iosephus
248 2359 323 2419 alter
360 2358 459 2418 sactus
489 2362 537 2416 est
565 2357 831 2434 contemplationis
862 2359 948 2419 bonis
978 2360 1034 2418 sibi
1063 2359 1173 2420 additis

61 2450 174 2506 anctus
198 2448 228 2504 in
253 2445 442 2521 spiritualem
464 2447 682 2520 cognitionem,
706 2444 922 2507 Arimathaeus
945 2462 1017 2505 vero
1040 2447 1089 2520 qui
1105 2439 1174 2507 'siu-

61 2547 136 2592 cera
164 2549 231 2593 cum
254 2532 413 2591 virtutibus
436 2533 557 2590 iunctus
581 2531 810 2592 necessitudine
832 2532 1000 2593 secundum
1023 2532 1172 2593 actionem

60 2621 93 2678 in
125 2633 159 2678 se
189 2634 309 2678 omnem
340 2633 399 2692 qua
429 2618 635 2678 materialibus
659 2623 706 2677 est
729 2617 867 2678 addictus
891 2625 919 2679 et
942 2619 1094 2679 obnoxius
1116 2618 1173 2679 tol·

59 2706 95 2764 lit
122 2702 320 2765 affectionem.

61 2834 150 2910 Alia
177 2836 216 2910 in
232 2838 343 2911 idem
369 2839 642 2938 contemplatio,

172 2957 257 3016 Cruci
287 2975 395 3018 rursus
426 2960 554 3037 affigunt
576 2961 727 3020 Christum
751 2963 802 3035 qui
824 2962 1041 3022 contumeliose
1065 2964 1103 3022 de
1126 2964 1175 3023 dei

61 3045 305 3118 incorporatione
327 3046 465 3117 tradunt,
499 3046 662 3122 sepulchro
685 3052 784 3107 aulem
809 3064 916 3109 rursus
938 3056 1101 3124 praeparat
1124 3050 1173 3124 qui

62 3129 231 3274 doclmmmm
260 3131 298 3189 de
325 3131 385 3190 deo
417 3133 608 3208 incorporato
638 3139 741 3208 aperte
772 3139 802 3191 et
830 3133 930 3208 palam
961 3137 1102 3194 omnibus
1126 3137 1174 3210 pie

62 3229 137 3290 prae
223 3261 229 3272 .

61 3351 121 3424 Ex
153 3351 281 3424 eodem
316 3376 501 3447 sermone,
537 3355 575 3427 in
609 3355 725 3448 illud,
766 3351 822 3447 ,Si
854 3352 1077 3429 Nicodamus
1112 3358 1172 3449 sis,

114 3464 314 3528 nocturnus
347 3457 414 3531 ille
447 3458 507 3532 dei
540 3459 676 3552 cultor,
724 3457 943 3534 funebribus
976 3461 1173 3558 ungnentis

114 3559 236 3656 ipsum
262 3565 407 3659 ungue!

167 3674 349 3736 Nicodemus
381 3686 549 3741 nocturnus
580 3682 629 3740 dei
659 3679 770 3754 cultor,
809 3684 839 3739 et
866 3680 1032 3756 ungnentis
1063 3680 1172 3741 Christi

61 3777 173 3836 eorpus
203 3779 390 3838 praeparans
421 3766 461 3825 ad
488 3766 692 3841 sepulturam,
721 3770 769 3825 esi
792 3767 842 3839 qui
865 3772 967 3826 mente
989 3766 1107 3841 quidem
1131 3767 1170 3826 ad

61 3849 312 3924 cognoscendum
336 3850 485 3912 Christum
509 3853 595 3912 sortis
618 3857 648 3911 et
669 3852 796 3928 impiger
819 3856 883 3922 est,
907 3858 938 3910 at
958 3851 1170 3913 mandatorum

61 3934 329 4010 exsequendomm
352 3937 486 3997 studium
507 3943 541 3996 ut
563 3939 693 4014 ignavus
717 3939 754 3997 de
776 3938 956 3999 ludaeorum
978 3935 1169 4016 (passionum

59 4022 204 4095 inquam,
234 4022 282 4081 vel
306 4023 490 4085 daemonum
513 4024 748 4100 incursationes)
777 4029 874 4097 metu,
905 4027 1005 4085 carnis
1028 4042 1100 4085 cura
1123 4042 1171 4086 re·

59 4114 166 4178 cusat,
203 4110 250 4168 cui
282 4125 427 4186 magnum
463 4116 510 4169 esi
546 4111 584 4170 ad
621 4110 913 4171 commendationem
949 4111 995 4170 vel
1026 4113 1102 4171 bene
1131 4112 1170 4172 de

57 4192 181 4254 Christo
205 4195 317 4255 sentire
340 4212 397 4255 nee
419 4197 640 4257 contumeliose
663 4196 700 4255 de
723 4211 759 4255 eo
781 4196 873 4269 loqui.

62 4316 204 4327 ......-.....
209 4317 216 4323 .
221 4318 231 4323 ..
241 4318 253 4322 ..
262 4317 339 4324 -..-.-

132 4366 154 4416 1.
175 4364 362 4429 apographum
381 4363 459 4415 habet
478 4357 632 4430 εὖξημένος.
