2768 4784
56 356 213 424 utmrnque
233 354 285 410 est
306 364 360 424 per
380 348 516 408 nimbum
538 351 569 407 ct
590 347 729 410 velamen
757 347 836 409 hoec
863 347 1030 410 declaravit
1078 347 1160 413 Nim-

28 440 106 498 ,bus
137 435 224 517 enim
260 439 308 496 est
342 433 534 511 ”principali
567 434 690 496 animae
719 436 1000 510 superobumbrans
1029 435 1160 497 carnalis

55 522 169 598 passio,
188 526 241 581 «et-
266 519 409 582 velamen
430 526 486 581 -cst
513 536 598 582 error
618 521 791 583 secundum
813 531 957 594 sensum,
987 522 1161 599 superlicio·

56 613 104 671 bus
132 607 329 671 sensibilium
352 609 456 682 ipsum
485 607 632 678 vincens,
662 613 692 668 et
713 607 756 669 ad
776 607 978 686 intelligibilia
998 609 1160 669 transitum

54 694 234 757 ”munimia-
284 691 448 759 ›Perbaec
477 692 663 754 oblivionem
692 693 875 755 naturalium
901 695 1051 755 bonorum
1079 695 1160 756 acci·

55 784 132 856 piens
146 781 281 851 auimo,
293 779 384 840 circo
405 778 564 840 sensibilia
585 784 680 840 totam
700 796 789 842 suam
806 781 1014 856 operationem
1033 795 1161 841 conver·

55 866 248 942 tit,*iurores
276 871 308 926 ct
335 866 602 940 concupiscentias
629 873 661 926 et
688 865 908 928 delectationes
938 883 993 942 per
1022 881 1160 942 eaquae

56 954 124 1014 licta
148 957 224 1013 sunt
246 950 426 1013 inhonestas
449 952 574 1013 invenit.

55 1100 241 1194 Quomodo
266 1102 437 1202 voluptas
463 1103 516 1175 fit.

71 1278 78 1303 ,-
151 1239 262 1301 Omnis
292 1241 373 1300 enim
403 1240 566 1301 delectatio
595 1242 814 1315 eorumquae
848 1239 1084 1316 interdicuntur,
1121 1258 1160 1302 ex

55 1326 210 1400 passione,
237 1325 462 1402 pen-madium·
484 1342 612 1387 sensum
641 1325 679 1385 ad
709 1326 822 1401 aliquid
844 1327 1005 1399 sensibile,
1036 1328 1160 1388 omnino

55 1413 107 1474 ieri
120 1415 298 1475 oensrmvlt.
342 1411 448 1488 Neque
466 1411 651 1475 enlin-aliud
669 1411 781 1488 aliquid
801 1418 850 1472 est
868 1412 1044 1484 delectatio,
1067 1428 1159 1490 quam

55 1500 167 1574 speeies
191 1514 306 1560 sensus
328 1499 358 1558 in
376 1499 500 1559 sensivo
522 1514 576 1575 per
599 1498 754 1573 quoddam
778 1498 923 1559 sensibile
944 1499 1082 1574 formati3
1111 1493 1159 1562 vel

55 1600 122 1646 nos.
140 1586 289 1647 sensivae
318 1585 506 1661 operationis
534 1600 589 1660 per
615 1585 851 1645 irrationabilem
882 1587 1158 1662 concupiscentiam

55 1758 159 1821 donem
187 1759 329 1831 vertitur,
361 1755 482 1817 addens.
510 1757 538 1816 ei
567 1757 718 1834 speciem,
751 1764 781 1817 et
803 1773 916 1819 sensus
938 1774 993 1834 per
1014 1760 1160 1835 concupi-

55 1844 195 1904 scentium
230 1848 333 1903 motus
369 1842 601 1903 delectationem
638 1849 795 1918 operatur,
834 1843 979 1919 quiddam
1014 1845 1159 1905 sensibile

55 1931 211 2007 accipiens.
262 1929 491 2006 Cognoscentes
520 1928 612 2006 igitur
641 1930 738 1989 saneti
769 1930 840 2004 quia
862 1946 916 2005 per
937 1930 1069 1991 mediam
1092 1947 1159 1992 cor·

56 2032 116 2076 nem
144 2016 187 2076 ad
216 2016 373 2076 materiam
402 2017 504 2075 anima
532 2022 638 2075 contra
665 2022 806 2076 naturam
832 2022 916 2076 mota
937 2021 1089 2079 terrenam
1112 2019 1158 2078 in·

55 2100 148 2162 duitm
181 2101 326 2173 formam,
361 2103 418 2176 ipsi
455 2101 553 2177 magis
584 2116 638 2175 per
667 2101 798 2162 medinm
825 2103 958 2163 animam
987 2102 1156 2164 secundnm

55 2193 187 2248 naturam
218 2187 259 2246 ad
286 2187 377 2246 deum
405 2193 519 2248 motam
551 2186 641 2246 etlam
665 2203 788 2247 carnem
811 2187 870 2247 deo
894 2187 1039 2248 decenter
1059 2189 1157 2250 lamu-

55 2273 99 2333 lurl
125 2272 391 2348 ”intellexerunt,
429 2289 482 2350 per
510 2273 731 2334 iustitutionem
759 2275 903 2334 virtutum
933 2274 1157 2350 acceptabiliter
1251 2303 1255 2311 ,

55 2362 144 2435 ipsam
170 2360 282 2420 divinis
306 2364 450 2420 ornantes
471 2357 685 2419 intellectibus.

55 2505 239 2600 Quomodo
261 2519 298 2584 et
319 2511 446 2608 quanti
468 2519 591 2584 motus
615 2520 702 2584 sunt
724 2511 876 2584 animae.

148 2645 225 2715 'fres
256 2646 336 2706 enim
364 2646 556 2707 universales
588 2651 690 2706 motus
712 2645 828 2708 habere
851 2647 984 2706 animam
1006 2648 1038 2705 in
1061 2663 1157 2709 unum

52 2733 244 2809 collectosa
277 2733 403 2807 caritate
428 2727 452 2767 ⁴⁰
466 2731 650 2815 docuerunt,
688 2749 782 2792 unum
813 2731 982 2793 secundnm
1012 2734 1156 2809 animam,

51 2814 170 2897 altorum
201 2817 371 2897 secundum
404 2819 570 2889 rationem,
607 2819 728 2878 tertium
758 2817 926 2879 seeundum
956 2835 1098 2880 sensum:
1127 2826 1158 2881 et

52 2920 139 2979 noum
161 2903 284 2980 quidem
306 2903 449 2979 simplum
472 2910 502 2964 et
522 2905 771 2978 interpretatione
794 2911 964 2974 carentem,
993 2921 1155 2981 perquem

51 2989 199 3071 incognite
228 2990 308 3050 circa
336 2989 426 3049 deum
450 2995 551 3060 mota,
581 2989 664 3050 nullo
688 2989 778 3050 modo
801 3007 839 3050 ex
862 2989 925 3050 ullo
947 3005 1053 3051 eorum
1076 3007 1157 3066 quae

50 3082 114 3137 sunt
133 3077 238 3152 ipsum
260 3091 315 3153 per
338 3075 551 3136 excellentiam
575 3077 742 3152 cognoscit.
789 3075 928 3137 Alterum
953 3090 1024 3135 vero
1047 3093 1158 3138 secun·

49 3161 111 3225 dum
135 3177 266 3223 causam
290 3160 478 3222 diffinitivam
496 3163 661 3239 incogniti,
683 3178 846 3238 perquem
867 3160 1045 3222 naturaliter
1063 3168 1156 3234 mota,

48 3264 148 3311 omncs
185 3247 342 3309 naturales
378 3249 532 3318 rationes,
565 3264 618 3323 per
651 3263 780 3310 causam
810 3247 1002 3307 solummodo
1032 3249 1155 3326 cogniti,
1253 3272 1256 3277 ·

48 3334 112 3396 dum
140 3334 255 3394 sintin
278 3349 316 3394 ea
336 3333 544 3408 formatrices,
574 3335 632 3394 sibi
654 3335 714 3410 ipsi
736 3350 790 3409 per
813 3333 1021 3410 operationem
1045 3350 1156 3394 secun-

47 3419 109 3483 dum
149 3420 310 3481 scientiam
346 3421 482 3496 imponit.
551 3419 685 3482 Tertium
716 3425 818 3480 autern
849 3421 1065 3496 compositum,
1100 3437 1156 3496 per

47 3522 130 3581 quem
153 3521 284 3582 eaquae
307 3511 395 3566 extra
416 3511 489 3566 sunt
505 3511 654 3582 tangens,
685 3505 777 3566 veluti
796 3521 834 3566 ex
854 3504 1036 3580 quibusdam
1057 3507 1155 3586 signis

27 3593 206 3654 rrisibilinm
227 3592 362 3652 rationes
380 3591 463 3667 apud
481 3608 515 3651 se
534 3592 634 3667 ipsam
656 3592 814 3665 reformat,
844 3592 1080 3669 magnanimiter
1101 3609 1155 3668 per
1176 3594 1177 3599 ’

46 3676 111 3751 hos,
143 3677 315 3739 secundum
346 3694 450 3738 verum
480 3685 511 3737 et
539 3677 760 3738 immutabilem
791 3678 941 3737 naturalis
964 3682 1066 3739 moins
1089 3695 1155 3738 mo-

46 3763 125 3843 dum,
157 3780 307 3841 praesens
336 3763 476 3824 labomm
505 3764 664 3825 saeculnm
693 3764 959 3825 transcenderunt.
1021 3762 1154 3826 Sensum
1224 3798 1225 3801 κ

46 3852 160 3924 quidem
195 3849 368 3926 simpliciter
397 3848 571 3927 spirituales
600 3849 685 3910 solas
714 3851 848 3910 rationes
879 3849 1068 3910 sensibilium
1097 3851 1154 3911 ha-

46 3936 161 3999 bentem
184 3951 240 4012 per
260 3935 391 3996 mediam
414 3936 562 3996 rationem
585 3937 623 3996 ad
644 3937 778 3996 animam
797 3936 980 4012 referentem
1002 3937 1152 4000 rationem

46 4038 110 4086 vero
139 4022 329 4083 uniformiter
356 4038 412 4098 per
438 4036 533 4082 unam
564 4023 766 4099 simplamque
795 4030 886 4100 atque
914 4023 1152 4099 inseparabilem

157 1678 232 1732 utus
295 1670 548 1747 Concupiscentia
577 1672 659 1731 enim
681 1673 789 1731 sensui
810 1672 951 1746 apposita
972 1674 1003 1731 in
1025 1671 1159 1734 delecta·

27 2386 35 2433 t

106 4211 148 4262 37.
171 4211 244 4274 Lege
267 4209 461 4274 principalem
484 4211 608 4271 partera.
638 4208 733 4272 (tiele.)
818 4211 858 4260 38.
886 4211 962 4260 Verte
986 4212 1149 4264 obstruens.

22 4276 121 4339 'ldrle
197 4278 241 4331 39.
260 4279 340 4329 Verte
358 4279 493 4330 onustati
511 4280 588 4330 sunl.
617 4276 713 4342 (Gale.)
773 4279 814 4331 40.
834 4280 912 4329 Verte
931 4281 1051 4332 auditi.
1088 4280 1151 4332 Seu·
1212 4317 1215 4323 .

22 4312 28 4405 l
48 4278 269 4416 tentia)pendetza
285 4348 365 4400 verbo
384 4349 637 4402 transcenderunt.
668 4344 762 4410 (Gale.)
