2768 4784
240 224 313 301 m

75 435 123 473 ιιι.
139 428 200 472 ινιτ
191 407 257 491 ι.ιῖ
277 410 444 494 πάσχοντα
466 409 520 487 τλην
541 409 716 490 πρακτικὴν
734 406 740 486 Ι
760 412 814 471 καλ
836 407 890 486 τῆν
912 407 1073 519 φυσικὴν
1068 413 1123 473 καὶ
1153 407 1208 487 τὴν
1232 364 1344 473 ³666

238 495 327 581 γικλην
348 495 427 561 κατὰ
449 492 633 604 συμπλοκὴν
656 491 695 558 ιλι
717 490 861 572 ἀλλήλων
882 499 1036 570 ποικίλως
1058 490 1133 579 λημῖν
1157 484 1356 599 ελςηγοῦηὗ.

239 588 506 693 φιλοσοφίρν,ε
491 579 628 647 ἑκάστου
657 577 772 659 666666
802 582 863 643 τῶν
887 573 1120 691 ὠνομασμένων
1133 574 1378 830 πρλυτρννῖ

239 679 308 744 ταῖς
342 673 416 754 περὶ
452 663 529 731 αιλτό
563 665 642 731 κατὰ
676 664 729 745 τῆν
762 665 952 774 θεωρίαν
937 672 1096 742 επινοίαις
1130 682 1310 743 επαινετιες

240 757 361 840 ψεκτῶς
392 755 650 860 λαμβανομένου,
692 757 745 816 καλ
775 750 849 842 τοιλς
878 746 925 815 ἐπ’
954 749 1039 859 αιλτῷ
1066 776 1238 862 πριητεορς
1266 747 1287 814 6

235 842 420 925 ποιητέους,
455 836 472 916 6
503 857 657 924 φυσικους
685 865 700 917 η
731 844 929 946 ρφυσίκους,
957 835 974 917 6
1004 837 1135 917 νοητοιλς
1158 835 1177 918 6
1187 835 1362 948 ολνοότοὴΙ

239 924 399 1009 λόγους
384 931 600 1036 εκφαίνρντρς.
655 921 771 999 Διττός
799 922 877 1006 γὰρ,
906 919 948 999 ῶς
976 921 1119 1029 έφην,ι
1102 951 1120 989 ο
1151 921 1201 1033 ξφ
1235 920 1353 1077 666³

240 1012 324 1122 λόγῳ
355 1012 475 1099 τρόπος
505 1010 588 1094 ἐστὶ,
626 1007 705 1076 κατὰ
735 1006 772 1074 τό
802 1007 935 1074 ιλυνατόν
957 1014 1002 1098 τῷ
998 1013 1208 1122 ποιουμένῳ
1230 1035 1284 1089 την

240 1095 349 1174 αιλτοῖς
384 1101 518 1174 συνετῶς
550 1100 602 1175 τῆς
633 1101 774 1205 θεωρίας
802 1075 1014 1201 ἐξέτασιν,“
1002 1122 1054 1161 ινα
1084 1095 1119 1162 έκ
1100 1121 1180 1162 κτε
1211 1101 1264 1176 τῆς
1289 1094 1342 1161 20

239 1188 396 1294 ποιητέων
418 1189 471 1249 καὶ
495 1188 642 1292 φυσικῶν
659 1189 713 1247 καὶ
736 1187 856 1261 νοητῶν
877 1177 982 1292 λόγων
1005 1186 1142 1265 θέσεως,
1163 1188 1276 1248 καλκ
1227 1178 1276 1247 έκ
1297 1174 1342 1261 66

240 1275 302 1336 τῶν
319 1267 357 1336 οιλ
373 1272 529 1378 ποιητέων
547 1274 600 1377 κρῖ
622 1265 786 1378 άφνσίκων
808 1273 861 1333 καὶ
885 1265 1026 1380 άνρήτων
1047 1272 1232 1377 φαντασιῶν
1253 1265 1341 1354 6616

240 1360 373 1468 ρέσεως,
394 1353 410 1434 6
428 1355 584 1442 πρακτικη
603 1361 657 1420 καὶ
676 1352 693 1434 6
702 1353 830 1464 66666
848 1360 902 1420 καλ
920 1382 937 1434 η
925 1351 1128 1438 θεολογικλη
1151 1354 1341 1445 περιποιηθξ

240 1453 308 1518 τοῖς
336 1438 478 1551 ειλσεβέσι
502 1447 702 1527 φιλοσοφία,
732 1437 851 1505 ταιλτόν
870 1443 905 1506 66
925 1440 1062 1507 ἐστιν’
1034 1452 1151 1525 ειπεῖν,
1185 1440 1340 1527 φιλοθείθ.

243 1531 308 1592 Καὶ
338 1519 430 1591 αιλται
461 1532 495 1592 66
523 1525 623 1591 πάλιν
645 1530 696 1630 τῷ
725 1553 756 1593 τε
784 1525 921 1636 παρόντι
949 1532 1003 1592 καὶ
1032 1553 1075 1614 τῳ
1060 1530 1245 1612 ’μέλλοντι
1266 1530 1341 1592 ένοϋ

263 1617 389 1691 οὖννοι,
426 1608 468 1689 ῶς
504 1612 598 1679 σκιάν
615 1611 765 1721 >6666666
800 1618 853 1678 καλ
881 1592 1065 1696 άλὴθειαν,
1085 1619 1144 1679 καὶ
1168 1613 1269 1680 τόπον
1295 1612 1340 1677 666

242 1704 443 1807 ριρχετυπίαγ.
505 1696 560 1775 Ὡς
592 1695 624 1763 (λ’
658 1696 698 1763 άν
725 1696 893 1805 ιλπερφυῶς
920 1724 953 1764 τε
983 1704 1035 1765 καλ
1064 1695 1205 1810 ιλιμηλῶς
1220 1694 1341 1764 δυνατόν

242 1785 309 1852 έστι
345 1783 424 1851 κατὰ
460 1783 515 1850 τόν
549 1784 650 1849 αίῶνα
685 1789 797 1851 τοῦτον
833 1789 878 1871 τῶ
911 1779 1073 1891 6666666
1108 1784 1144 1851 τό
1174 1783 1341 1897 άκρότοτω

242 1868 427 1957 φθάσαντες
452 1875 570 1955 μέτρον
597 1874 650 1978 της
679 1867 790 1956 άρετῆς
817 1877 870 1936 καὶ
900 1875 952 1949 τῆς
979 1870 1123 1955 γνῶσεως
1142 1878 1197 1938 καλ
1221 1875 1299 1953 τῆς
1290 1882 1341 1937 σε’-

241 1964 320 2042 φίας
346 1961 572 2067 περιγενέσθαι
601 1955 655 2037 166
684 1963 745 2023 τῶν
772 1963 873 2023 θείων
901 1956 1089 2067 ἐπιστήμην,
1126 1957 1160 2023 έν
1189 1956 1276 2044 τόπῳ
1296 1958 1341 2023 καὶ

241 2043 342 2109 τίκόνι
372 2047 433 2108 τῶν
462 2040 647 2154 άρχετιλιιων
676 2049 752 2111 έστί
810 2042 920 2121 Τόπος
947 2044 1024 2155 γάρ
1038 2043 1123 2110 ἐστιν
1153 2041 1196 2122 ῶς
1224 2022 1342 2149 άληθῶς

241 2133 330 2195 πάσα
364 2127 439 2217 παρ’
474 2127 562 2235 ἡμῶν
592 2135 646 2194 νιλν
673 2124 754 2240 εἶναι
777 2131 973 2238 νομιζομένη
1004 2126 1158 2212 άλῆθεια,
1195 2136 1250 2238 166
1276 2124 1342 2196 σειέ

241 2219 296 2281 νοῶ
324 2217 472 2324 μείζονος
498 2215 597 2300 λόγου
626 2223 680 2282 καὶ
710 2214 812 2282 ελκιόν.
857 2212 953 2280 0‘6
976 2215 1066 2292 όλοις
1087 2215 1167 2281 κατὰ
1189 2213 1226 2281 τό
1248 2210 1342 2327 παρέι

240 2300 338 2408 πρός
352 2301 388 2367 τό
397 2306 534 2408 μέλλον
562 2307 616 2406 καὶ
645 2306 707 2367 τῶν
729 2301 813 2367 όλων
835 2299 1000 2413 ποιητικός
1021 2301 1117 2409 λόγος
1137 2301 1340 2408 6666660666·

241 2412 302 2471 νος
324 2383 409 2454 ἔστιν
439 2382 481 2496 ῶς
502 2385 595 2454 έν
559 2413 663 2497 τυπιμ
667 2393 720 2454 καὶ
728 2385 895 2492 ἀληθείη,
928 2395 983 2454 καλ
1006 2386 1049 2479 ῶν
1071 2395 1125 2455 καὶ
1123 2388 1340 2498 φαινόμενος,

241 2470 283 2584 ῶς
312 2463 392 2561 έπέρ
422 2475 458 2549 τὸ
488 2472 593 2557 παρόν
620 2479 674 2540 καλ
703 2470 738 2539 τό
768 2451 933 2559 μέλλον’
907 2493 967 2553 ω’ν,
997 2481 1058 2541 καὶ
1073 2471 1159 2580 ιλιτέρ
1175 2474 1274 2541 τόπον
1294 2477 1338 2540 καὶ

241 2557 413 2670 ἀλήθειαν,
435 2587 478 2648 τῳ
464 2558 635 2669 μηδέν’
617 2587 701 2644 εγειν
721 2556 935 2665 ἀντικείμενον
941 2561 1264 2672 ⁶⁸⁷³⁶⁰³6⁰¹56⁶⁹⁰⁹3
1275 2557 1338 2626 ’Av-

79 2651 373 2714 ειι.ι218ιτίκειται
404 2650 438 2710 66
446 2651 501 2749 τῇ
522 2643 687 2750 άληθείρ
695 2644 733 2710 τό
755 2651 882 2731 ψειλιλος
901 2649 906 2730 Ι
941 2643 1056 2757 Ὑριέρ
1065 2644 1264 2727 άλῆθειαν”
1228 2639 1336 2758 y6666

240 2727 324 2816 πρός
352 2728 390 2796 ὃν
418 2729 456 2795 τά
484 2731 585 2795 πάντα
609 2731 775 2843 συνάγεται
782 2732 925 2842 λόγος,
939 2740 992 2798 καὶ
1016 2726 1129 2844 ριλθις,
1157 2731 1199 2809 ῶς
1221 2731 1336 2843 66666·

240 2842 302 2919 πος
322 2823 376 2881 καὶ
398 2813 514 2892 θεόςι
483 2816 667 2928 υπάρχων,
700 2825 753 2883 καὶ
778 2815 856 2902 ιλπέρ
879 2823 986 2885 πάσαν
1008 2817 1051 2886 ῶν
1073 2818 1203 2928 άληθῶς
1224 2817 1336 2903 άνθρω·

241 2900 362 2981 πότητά
384 2929 416 2968 τε
439 2908 492 2968 καὶ
515 2901 661 3011 θεότητρ
715 2903 912 3014 Συνάγονται
936 2908 1039 2970 τοίνυν
1062 2908 1095 2971 οἱ
1115 2910 1175 2990 μὲν
1196 2905 1336 2990 πρότερον

240 2991 331 3054 πέντε
360 2987 488 3099 τρόποι
507 2988 585 3055 κατά
615 2988 670 3069 την
699 2987 748 3053 ἐπ’
776 2989 884 3067 αιλτοίς
909 2991 1119 3099 πολύτροπον
1141 2998 1283 3102 θεωρίαν
1302 2990 1337 3064 ελς

241 3099 414 3186 πρακτικην
436 3082 489 3184 κριὶ
513 3074 670 3186 φνρικην
670 3083 723 3141 καὶ
746 3076 939 3185 θερλογικλην
962 3085 1179 3181 φιλοσοφίαν,
1202 3069 1292 3143 αὗται
1310 3077 1337 3139 λι

241 3160 336 3226 πάλιν
364 3163 410 3238 είς
431 3162 467 3227 τό
490 3161 595 3271 παρόν
617 3168 670 3228 καλ
694 3163 739 3238 εἷς
761 3162 797 3229 τό
819 3165 998 3246 μέλλον,’
986 3162 1056 3244 ηἰοι
1079 3165 1179 3229 τόπον
1201 3171 1254 3232 καὶ
1259 3159 1375 3274 666l

240 3252 351 3326 θειαν,
386 3245 422 3313 τό
452 3247 557 3354 παρόν
585 3253 620 3313 66
648 3254 700 3354 666
732 3247 767 3312 τό
796 3253 913 3333 μέλλον
942 3251 990 3327 εἷς
1017 3249 1053 3316 τὸ
1077 3248 1241 3362 ἀρχικόν,
1255 3214 1375 3333 ἤγουν.-

240 3331 296 3399 τόν
324 3333 356 3397 έν
384 3327 466 3426 6666
449 3333 611 3443 ηλόγον,
647 3332 702 3397 τόν
730 3340 886 3401 ποιοῦντα
914 3337 1034 3402 παθεῖν
1062 3335 1161 3401 αιλτόν
1188 3344 1242 3403 καλ
1271 3337 1337 3401 66⁶6·

240 3417 311 3495 τοιλς
333 3415 442 3528 άξίρυς
464 3416 562 3485 αιλτοιλ
583 3424 785 3529 γενομένους,
822 3428 876 3488 καλ
900 3421 953 3486 ιλιά
978 3424 1039 3488 τῶν
1060 3424 1232 3509 εἰρημένων
1250 3427 1337 3532 φιλο·

239 3504 344 3616 πόνως
372 3505 427 3585 τὴν
455 3506 537 3590 πρὸς
566 3502 662 3570 αιλτὸν
691 3512 926 3616 ποιηραμένους
957 3515 1107 3594 πορείαν,
1144 3514 1198 3575 καὶ
1227 3508 1280 3588 τὴν
1306 3501 1337 3571 δι’

238 3588 361 3701 661066
388 3596 555 3700 γενομένην
593 3591 710 3657 δεκάδα
746 3589 786 3657 ιλι
823 3592 919 3659 αιλτόν
951 3599 1187 3706 ποιησαμένους
1215 3591 1339 3680 μονάιλα,

239 3674 294 3756 τὴν
323 3674 437 3754 αὖτοὺς
464 3677 630 3753 έκτινάξαν
659 3676 779 3754 παντὸς
808 3679 977 3763 έμπαθοιλς
1005 3708 1037 3747 τε
1060 3689 1113 3792 666
1137 3686 1275 3794 φυσικοῦ
1295 3683 1338 3787 κρῖ

240 3767 354 3843 νοητοῦ
383 3763 569 3872 666666266,
598 3771 650 3830 καλ
679 3763 733 3843 την
763 3765 795 3831 έν
816 3765 924 3850 χάριτι
948 3774 1043 3834 θείαν
1065 3765 1174 3844 αιλτοις
1195 3767 1273 3834 κατά
1295 3763 1376 3873 τὴν
1372 3774 1375 3779 ’

239 3846 414 3932 ὁλόκληρον
437 3849 538 3925 ἕξιν
509 3851 785 3962 εμμορφιόσασριν
808 3857 860 3957 τῆς
881 3851 960 3919 κατά
987 3855 1083 3940 φάσιν
1101 3859 1196 3930 θείας
1213 3830 1376 3966 όιπλότηῑ.Ι

240 3959 293 4010 τος
316 3935 468 4015 λιλιότητα.
509 3931 626 4003 Ἰστέον
649 3941 683 4002 66
705 3944 758 4003 καλ
782 3944 893 4022 τοῦτο,
924 3940 974 4004 ὁίι
998 3947 1051 4021 τῆς
1070 3945 1129 4024 μὲν
1152 3933 1339 4026 προνοίαςιλ
1371 3928 1377 4073 1

239 4019 393 4102 λόγος
356 4048 391 4112 τη
415 4027 549 4112 φυσικῇ,
571 4029 623 4088 καλ
648 4019 667 4088 6
690 4029 743 4132 τρῖς
765 4030 899 4109 κρισεως
917 4026 1066 4139 λόγος·
1030 4054 1065 4117 τη
1085 4032 1260 4132 πρακτικῇ
1259 4028 1340 4093 κατέ·

239 4128 378 4213 σπαρται
413 4091 611 4207 φιλοσόφίη,
645 4109 723 4175 κατά
752 4110 826 4188 τοιλς
853 4110 962 4194 αιλτοις
991 4120 1189 4224 πρέποντας
1200 4113 1377 4225 τρόπονςι

240 4183 289 4264 οἷς
320 4191 371 4255 ιλιά
402 4219 454 4272 της
481 4200 623 4301 θεωρίας
645 4200 706 4261 τῶν
729 4194 828 4264 ὄντων
851 4225 883 4265 τε
905 4207 958 4265 καὶ
980 4205 1153 4309 γινομένων
1176 4200 1340 4304 έμφαίνον·

240 4300 303 4338 ται.
357 4282 484 4360 Ταῦτα,
512 4279 622 4399 κμθῶς
643 4282 781 4366 εἴρηται,
812 4286 996 4397 νενοηκότα
1005 4288 1061 4353 τόν
1082 4286 1259 4396 θεόφρονα
1276 4286 1339 4353 τοιλ

238 4385 293 4425 τον
315 4329 509 4428 ιλιιλάσκαλόι
532 4359 645 4448 ὀἶμαι
669 4369 861 4456 προςφόρως
883 4371 956 4448 τοιλς
978 4370 1034 4439 όνο
1035 4370 1259 4457 μιισθέντας
1241 4379 1339 4457 αγίονς
1373 4398 1377 4467 η

1370 4514 1378 4661 Ι
