2752 4778
1134 205 1210 280 255

102 387 247 451 munibus
273 387 448 448 notionibus
477 401 536 447 sun
563 390 685 463 propria
714 391 772 448 sibi
800 401 941 464 quaeque
969 391 1112 453 vindicat
1157 386 1211 454 liis

102 482 193 552 igitur
214 474 265 534 ille
287 475 405 546 verbis,
435 471 565 547 ,Demus
589 474 675 548 deo‘,
699 477 728 535 ei
751 476 830 549 quod
855 493 915 534 non
939 478 1128 539 adhaerebat
1150 497 1210 540 non

102 563 221 632 tribuit,
251 560 307 620 sed
328 560 410 634 quod
433 567 562 620 naturae
584 560 739 634 peculiare
762 566 818 621 est.
877 561 942 623 Hoc
964 566 1044 624 enim
1069 565 1211 633 ‚demus‘

102 649 255 726 significat
282 646 376 707 veluti
404 646 531 706 definire
558 653 700 707 naturam
729 664 784 724 per
805 664 842 707 ea
863 664 943 722 quae
964 652 1023 726 ipsi
1045 651 1214 714 adbaerent

102 736 140 795 ab
171 736 217 794 eis
247 749 326 809 quae
350 748 410 792 non
435 741 505 792 sunt
528 734 686 793 eiusmodi.
742 733 806 795 Puri
829 735 920 794 modo
943 736 992 796 hic
1015 753 1136 812 quoque
1159 737 1213 813 dor

102 827 216 882 ctorem
244 825 383 879 nostrum
414 820 463 894 pie
494 821 598 895 accipe
627 820 797 891 dicentem,
837 819 1043 897 ‚Quarnquarn
1072 830 1106 884 ut
1135 825 1212 885 baec

102 908 195 967 etiam
215 905 274 967 deo
296 907 500 976 tribuamus‘,
536 906 595 966 hnc
617 913 664 966 est
686 908 758 967 dum
783 913 889 966 natura
913 925 993 982 quae
1016 912 1074 969 sibi
1096 911 1212 971 adhae-

102 1001 170 1055 rent
192 994 230 1055 ab
252 1008 353 1052 rerum
376 994 480 1069 gnaris
503 993 762 1054 examinatoribus
786 995 927 1054 attributa
950 997 1067 1072 accipit.
1200 989 1202 991 ’

102 1144 158 1222 Ex
182 1148 311 1222 eodem
337 1169 522 1249 sermone,
554 1147 593 1219 in
619 1146 736 1239 illud,
771 1145 840 1238 ,Ut
860 1149 958 1222 enim
979 1146 1211 1247 impossibile

151 1275 230 1325 esse
258 1250 417 1324 dicimus
441 1250 553 1324 deum
576 1250 720 1323 malum
745 1275 840 1344 esse,
877 1262 941 1325 aut
964 1252 1113 1326 omnino
1137 1274 1211 1323 non

152 1356 254 1429 essa‘

209 1485 306 1547 Etiam
334 1487 394 1548 hoc
424 1489 562 1562 quaesivi
592 1505 611 1548 a
640 1490 780 1564 sapiente
810 1505 885 1549 sene
916 1488 1210 1567 supramemorato,

102 1574 152 1650 111
182 1573 339 1648 respondit
368 1591 430 1633 nnn
460 1576 610 1650 pertinere
639 1575 714 1634 illud
751 1592 829 1650 ,non
860 1581 947 1636 esse‘
985 1578 1024 1637 ud
1059 1594 1095 1637 eu
1131 1592 1211 1650 quae

102 1667 352 1737 praecesserunt,
382 1677 420 1719 ne
449 1661 564 1720 scilicet
586 1660 660 1721 illud
690 1670 794 1734 ‚esse‘
826 1665 1016 1738 suspicemur
1039 1664 1211 1741 significare

102 1762 174 1808 esse
204 1745 296 1806 deum
318 1746 446 1806 malum:
489 1747 541 1822 ,Ut
564 1749 644 1806 enim
668 1748 853 1823 impossibile
876 1767 947 1810 esse
969 1750 1097 1809 dicimus
1120 1749 1210 1809 deum

102 1832 216 1894 malum
245 1849 333 1909 esse,
362 1840 416 1892 aut
445 1849 505 1891 non
533 1838 620 1892 esse‘
650 1835 779 1910 malum,
816 1835 871 1895 sed
899 1853 970 1896 esse
999 1836 1128 1908 malum,
1160 1836 1210 1894 illo

102 1918 252 1995 ‚irralum‘
283 1935 322 1979 ex
350 1921 502 1979 communi
532 1922 641 1995 posito.
695 1919 779 1980 Duae
809 1924 889 1982 euim
913 1924 1094 2000 negationes
1118 1936 1210 1981 unam

102 2005 236 2066 efficiunt
257 2006 497 2068 affirmationem.
553 2005 619 2079 Quo
641 2007 672 2064 iit
694 2006 822 2066 utillud
846 2011 1023 2083 negativum
1052 2009 1211 2082 ,impossi-

102 2092 178 2152 bile‘
209 2107 276 2152 cum
305 2092 356 2151 illo
388 2108 466 2166 ,non
490 2108 560 2152 esse
584 2092 712 2153 malum‘
739 2095 933 2154 coniunctum
957 2094 1067 2153 alliciat
1090 2101 1123 2153 ut
1145 2110 1210 2153 ma-

102 2177 149 2239 ius
172 2179 219 2237 sit.
272 2177 360 2251 Quod
381 2180 424 2238 ita
446 2195 507 2238 nnn
530 2184 587 2238 est.
634 2179 729 2239 Absit.
776 2178 835 2239 Sed
858 2197 948 2240 suum
971 2180 1211 2255 unumquodque

102 2281 119 2327 1
142 2281 201 2324 suo
223 2267 344 2340 proprio
364 2266 509 2341 principio
531 2281 646 2325 nexum
669 2265 779 2338 habet,
816 2271 849 2326 ut
872 2267 1038 2326 membrum
1065 2267 1210 2328 orationis

102 2351 174 2413 illud
194 2353 238 2412 ita
261 2351 484 2427 complanetur:
525 2351 805 2425 ,Qucrnudmodum
828 2353 906 2412 enim
921 2353 1118 2429 ,impossibile
1139 2367 1210 2412 esse

102 2436 229 2498 dicimus
259 2439 371 2498 rnnlum
403 2454 474 2498 esse
504 2439 630 2511 deum‘,
664 2444 733 2513 post
761 2454 840 2512 quae
868 2440 1061 2500 incidendum
1086 2445 1147 2510 est,
1176 2444 1211 2498 ut

102 2540 208 2585 rursus
238 2525 367 2584 alterum
396 2526 585 2585 enuntiatum
613 2523 685 2583 inde
713 2525 848 2586 additum
874 2527 1010 2602 incipiat,
1046 2527 1125 2600 ,Aut
1148 2541 1208 2585 non

102 2615 207 2685 esse‘,
240 2610 271 2669 id
293 2618 341 2672 est
363 2613 526 2673 existentia
550 2627 664 2672 carere.

102 2758 159 2838 Ex
183 2763 313 2838 eodem
336 2785 518 2853 sermone,
554 2763 592 2834 in
622 2761 739 2854 illud,
773 2759 915 2854 ,Habes
942 2761 1016 2836 filii
1046 2762 1209 2862 appelia-

150 2866 285 2958 hones,
319 2890 385 2965 per
417 2891 476 2941 eas
508 2865 654 2958 incede,
689 2889 756 2964 per
788 2890 865 2959 aas,
901 2867 1054 2965 inquam
1084 2889 1210 2940 omnes

150 2994 245 3070 quae
273 2969 452 3044 sublimes
472 2977 573 3060 sunt,
610 2969 754 3060 divine,
787 2993 852 3068 per
876 2993 1065 3069 corporeas
1087 2979 1211 3043 autem

149 3072 329 3164 humane,
363 3073 477 3146 immo
507 3094 595 3146 vero
629 3094 777 3170 prorsus
812 3073 955 3164 divine,
989 3082 1033 3146 ut
1057 3073 1211 3146 eximis

149 3176 252 3251 hisce
273 3175 471 3251 ascendens
492 3175 559 3249 fias
584 3176 674 3249 deus
696 3184 846 3275 propter
869 3200 955 3249 eum
976 3175 1039 3274 qui
1061 3185 1211 3274 propter

148 3300 217 3354 nos
238 3279 284 3354 de
305 3281 473 3380 supernis
495 3278 705 3354 descendit‘

208 3412 265 3488 Qui
287 3420 419 3475 mentem
449 3415 572 3476 sublimi
601 3415 857 3491 contemplatione
885 3430 940 3491 per
967 3414 1211 3488 uniuscuiusque

102 3500 270 3563 divinarum
291 3502 527 3577 appellationum
546 3503 825 3578 interpretationem
845 3500 1006 3560 illustravit
1025 3500 1108 3560 etad
1129 3503 1210 3574 prin·

102 3587 229 3665 cipnlem
247 3589 395 3663 cuiusque
412 3594 442 3649 et
460 3589 648 3663 spiritualem
668 3591 816 3648 rationem
835 3588 983 3648 subduxit
999 3594 1090 3661 atque
1109 3593 1210 3646 trans-

102 3675 254 3763 hqmavit,
277 3691 314 3734 nc
333 3674 487 3735 laboribus
511 3691 563 3750 pro
586 3677 696 3735 virtute
717 3675 870 3750 susceptis
892 3675 1083 3749 prudentiam
1108 3674 1209 3732 carnis

102 3762 220 3839 spiritui
241 3762 384 3830 subiecit,
419 3761 460 3821 ad
483 3767 609 3820 martem
633 3775 733 3834 usque
756 3761 923 3821 oboediens
945 3760 1061 3830 iactus,
1091 3760 1117 3816 is
1140 3774 1210 3819 rere

102 3847 207 3907 ncede
229 3863 299 3922 ,per
318 3846 438 3907 divinas
460 3846 698 3923 appellationes‘
721 3853 752 3906 et
773 3848 880 3921 spiritu
901 3844 1211 3920 inreprehensibiliter

102 3939 127 3995 st
155 3948 267 4003 carne,
305 3933 439 3993 divinum
467 3938 524 3994 iter
551 3939 581 3992 et
610 3932 691 4008 quod
721 3931 760 3992 ad
791 3933 881 3991 deum
912 3930 995 3993 ducit
1024 3929 1209 4007 ingrediens,

109 4019 271 4082 sublimis‘
302 4019 423 4094 quidem
453 4018 623 4079 secundum
654 4019 812 4092 mysticum
841 4018 1128 4093 contemplationem
1159 4032 1212 4092 per

102 4106 247 4168 sublimes
276 4106 513 4182 appellationes,
556 4104 740 4179 ,eademque
770 4105 908 4181 patiens‘
943 4103 1112 4164 secundum
1141 4118 1211 4179 pra·

102 4195 209 4259 1111111
237 4191 483 4269 philosophiam,
513 4191 584 4253 dum
614 4208 670 4268 per
698 4191 866 4267 corporalia
889 4189 930 4250 ad
952 4205 1115 4265 supernam
1139 4207 1211 4266 pro·

102 4294 192 4357 ieras
220 4279 368 4353 quietem,
399 4281 507 4351 ,immo
529 4294 600 4337 vero
625 4294 749 4354 prorsus
774 4277 902 4351 divine‘,
931 4294 1000 4337 1111
1024 4276 1212 4352 contempla-

102 4370 159 4429 iva
182 4371 238 4427 tua
259 4367 351 4426 etiam
373 4367 413 4427 sit
434 4367 514 4427 actio
535 4371 566 4426 et
588 4364 727 4427 rationali
747 4367 849 4442 matie
877 4379 940 4425 nou
967 4363 1120 4442 indigeam
1156 4362 1212 4425 sed
