2752 4778
1186 134 1233 224 ι’-ι

120 338 261 398 astatori
283 335 429 411 Dionysio
453 335 572 396 videtur
594 335 805 411 Areopagitae.
857 334 1072 412 Unusquisque
1094 353 1168 415 ergo
1189 339 1235 396 in-

120 423 325 503 elligibilium
356 427 387 482 ει
407 421 631 482 rationabilium
657 420 838 496 augelorum
860 427 891 481 ει
911 421 1070 482 homiuum
1091 440 1145 499 per
1167 440 1235 485 eam

120 526 182 586 aaa
213 513 340 570 creatus
367 514 416 567 εει
442 509 609 576 rationem,
644 521 707 580 qua
734 508 765 566 in
795 506 852 566 deo
881 513 930 566 εει
952 513 982 568 ct
1004 510 1042 569 ad
1066 510 1156 570 deum
1179 517 1236 580 εει,

120 610 195 674 pare
225 600 277 657 est
304 600 336 654 ει
363 593 474 654 dicitur
504 593 553 653 dei
582 609 637 669 per
666 607 757 652 suam
787 594 1078 656 ante-existentem
1106 598 1137 655 in
1166 597 1234 671 deo,

120 686 204 745 sicut
224 683 342 742 (lictum
364 684 428 755 est,
462 695 599 741 causam.
644 677 749 752 ltaque
772 680 799 737 si
821 679 990 740 secundum
1011 683 1111 756 ipsam
1133 699 1236 744 move-

120 775 224 843 retur,
248 770 294 827 in
324 767 383 827 deo
415 766 516 840 lieret,
546 768 577 824 in
608 780 668 840 quo
698 765 854 825 essentiae
882 782 959 826 suae
981 769 1058 826 ratio
1081 770 1235 828 ante-in-

122 861 189 929 εει,
218 861 253 916 ut
280 855 313 913 in
340 853 486 928 principio
515 858 546 912 ει
575 867 685 926 εεεεε,
721 857 751 911 ει
779 851 892 910 nullius
920 852 1050 913 alicuius
1073 860 1144 916 ante
1167 872 1236 931 pro-

124 943 224 1018 prium
254 940 434 1015 principium
462 938 648 999 desiderium
671 939 812 1013 accipere
835 937 938 1011 vellet,
973 956 1073 1015 neque
1096 942 1237 1004 reflueret

124 1046 152 1088 a·
166 1027 244 1101 deo,
274 1025 329 1086 sed
360 1025 458 1101 magis
487 1040 542 1100 per
571 1041 640 1084 eam
671 1039 750 1098 quae
779 1024 818 1083 ad
849 1041 921 1084 eum
950 1031 997 1084 εει
1027 1027 1234 1103 intentionem,

125 1115 204 1174 clears
233 1114 320 1172 tieret
347 1118 479 1186 et³pars
510 1111 561 1170 dei
590 1110 740 1171 diceretur
767 1111 978 1185 participando
1000 1116 1236 1176 connaturaliter

125 1201 236 1272 oleum,
265 1201 369 1273 utpote
398 1197 570 1257 secundum
598 1203 740 1257 naturam
771 1196 925 1272 sapienter
952 1213 988 1257 ac
1017 1201 1237 1262 rationabiliter

125 1303 180 1363 per
201 1284 363 1362 pulchrum
386 1280 501 1343 motum
525 1300 615 1344 suum
638 1287 819 1357 accepturus
841 1284 1022 1358 principium
1047 1292 1077 1345 ει
1100 1303 1234 1360 causam,

126 1389 188 1433 non
218 1371 340 1431 habens
362 1369 508 1429 aliorsum
523 1369 570 1430 'de
592 1375 693 1430 cetero
718 1375 788 1443 post
810 1385 901 1429 suum
924 1371 1100 1445 principium
1124 1373 1164 1432 ad
1185 1390 1237 1434 ra·

127 1460 240 1519 tionem
263 1472 318 1534 per
339 1471 432 1532 quam
450 1463 605 1522 crearetur
622 1459 792 1516 ascensum
805 1461 835 1515 et
852 1458 1073 1517 restitutionem
1093 1461 1236 1520 movendi

128 1552 181 1605 aut
207 1541 362 1619 quomodo
391 1548 580 1616 moveretur,
611 1544 641 1600 in
664 1541 766 1600 divino
789 1541 932 1602 videlicet
953 1541 1121 1616 desiderio,
1154 1552 1236 1608 motu

129 1648 185 1691 sno
206 1632 309 1706 ipsum
326 1630 418 1688 tinem
436 1629 620 1704 accipiente,
643 1628 776 1686 divinam
796 1629 958 1703 visionem,
981 1635 1015 1688 ut
1033 1629 1163 1692 Basilius
1183 1633 1235 1693 de·

130 1718 224 1777 clarat
243 1717 275 1775 in
297 1716 545 1791 interpretatione
566 1716 597 1773 in
621 1719 759 1774 sanctum
784 1714 962 1790 prophetam
980 1715 1105 1791 lsaiam,
1129 1718 1235 1780 dicens

131 1806 188 1865 sic:
229 1799 383 1877 ,Sabbata
410 1805 512 1862 autem
541 1818 615 1861 vera
645 1805 717 1860 sunt
743 1802 877 1875 reposita
898 1803 1019 1876 requies
1042 1804 1154 1880 populo
1176 1806 1234 1880 dei,

132 1906 208 1964 quae
242 1889 367 1964 quidem
399 1905 436 1948 eo
465 1888 547 1962 quod
574 1903 649 1947 vera
676 1890 737 1946 sint
767 1888 871 1962 recipit
899 1888 975 1948 deus
1004 1894 1035 1948 ει
1063 1892 1236 1952 manifestat

132 1991 250 2036 summa
272 1975 402 2034 sabbata
425 1975 549 2048 quietis,
573 1974 623 2033 ille
642 1975 696 2032 ‘cui
715 1974 848 2034 mundus
868 1975 1031 2034 crucifixus
1050 1982 1111 2051 est,
1135 1977 1236 2039 disee-

133 2064 205 2123 dens
235 2062 371 2137 profecto
404 2075 422 2118 a
445 2060 627 2134 mundanis,
659 2066 688 2119 et
716 2061 746 2117 in
771 2061 924 2135 proprium
948 2060 1048 2120 locum
1072 2063 1235 2136 spiritualis

133 2149 251 2224 qnietis·
266 2161 447 2216 occurrens,
479 2147 509 2205 in
539 2146 727 2222 annicetus
757 2161 820 2204 non
848 2144 909 2204 ia'm
940 2148 1109 2208 movebitur
1138 2167 1234 2210 asuo

131 2236 210 2311 loeo,
241 2233 316 2293 dum
339 2233 378 2293 sit
400 2231 554 2292 silentium
576 2238 606 2292 ει
627 2248 688 2307 pax
711 2233 792 2291 circa
813 2232 896 2291 illum
920 2237 1041 2292 statum.
1093 2233 1234 2297 Omnium

131 2323 215 2398 igitar
243 2319 332 2380 locus
361 2318 521 2396 dignorum
552 2319 603 2379 tali
635 2318 818 2378 beatitudine
852 2318 928 2377 deus
963 2324 1027 2388 εει,
1061 2322 1235 2383 >secundum

132 2407 208 2482 quoa
239 2407 385 2480 scriptum
408 2408 471 2475 εει,
506 2405 578 2466 Εειο
601 2405 673 2464 mihi
695 2407 726 2463 in
749 2404 840 2464 deum
862 2409 1063 2481 protectorem
1087 2411 1118 2466 ει
1138 2409 1168 2468 ιε
1191 2409 1236 2468 lo-

132 2511 195 2554 cam
226 2493 376 2552 munitum
407 2490 546 2550 salvandi
578 2497 649 2549 ειε.ι
709 2491 916 2565 Apud·quem
946 2493 1070 2552 firmiter
1100 2495 1234 2556 omnium

131 2581 260 2641 rationes
294 2579 375 2639 fixae
407 2583 479 2637 sunt
510 2592 565 2653 per
593 2592 670 2651 quas
698 2577 790 2637 etiam
817 2593 1004 2654 cognoscere
1034 2582 1135 2640 omnia
1163 2587 1235 2644 ante

131 2667 355 2745 generationem
392 2680 498 2724 eorum
531 2664 640 2723 dicitur
673 2664 782 2722 merito
808 2664 839 2722 in
867 2663 934 2738 ipso
966 2668 997 2724 ει
1026 2667 1106 2740 apud
1134 2668 1234 2743 ipsum

131 2753 327 2813 existentibus
357 2766 413 2826 per
441 2751 541 2826 ipsam
571 2751 729 2810 veritatem
750 2751 908 2820 omnibus,
942 2752 999 2810 etsi
1023 2767 1060 2811 ea
1082 2755 1183 2814 omnia
1205 2761 1236 2815 ει

132 2855 205 2914 quae
235 2843 309 2899 sunt
336 2843 367 2896 ει
397 2850 476 2910 quae
504 2837 605 2896 futura
636 2841 723 2908 sunt,
760 2852 823 2895 non
853 2835 943 2895 simul
973 2839 1037 2897 suis
1068 2841 1172 2900 causis
1201 2848 1235 2904 ut

131 2926 249 3005 cognita
272 2930 345 2985 sunt
367 2939 387 2982 a
409 2922 482 2996 deo,
512 2924 542 2981 in
569 2923 735 2982 essentiam
759 2921 892 2982 adducta
915 2929 1002 2996 sunt,
1033 2924 1088 2983 sed
1112 2927 1234 3005 singula

132 3026 265 3087 quaeque
300 3013 471 3085 opportuno
507 3016 644 3084 tempore
679 3008 848 3067 secundum
878 3011 1024 3090 creatoris
1055 3012 1232 3085 sapientiam

132 3099 252 3172 pulchre
273 3098 360 3157 iuxta
382 3111 487 3155 eorum
511 3110 622 3155 causas
646 3099 748 3154 creata
771 3098 858 3164 sunt,
889 3101 919 3154 ει
941 3112 995 3171 per
1017 3112 1051 3154 se
1073 3112 1144 3158 esse
1162 3116 1234 3175 ope-

130 3187 260 3246 ratione
277 3183 445 3259 accipiunt,
485 3182 628 3256 quoniam
661 3182 728 3256 ipse
761 3180 880 3254 quidem
915 3197 1036 3256 semper
1064 3182 1232 3245 seeundum

129 3272 334 3347 operationem
356 3273 405 3329 est
426 3274 560 3342 creator,
591 3284 627 3328 ea
649 3284 723 3327 vero
746 3267 879 3342 potentia
902 3267 1023 3342 quidem
1047 3275 1134 3339 sunt,
1160 3287 1233 3346 ope-

130 3361 242 3420 ratione
264 3362 368 3417 autem
386 3354 542 3429 nondum3
572 3355 641 3428 quta
660 3369 759 3428 neque
778 3360 907 3429 possunt
926 3353 1034 3415 horum
1053 3356 1142 3416 simul
1162 3374 1232 3418 esse

129 3445 272 3504 inlinitum
301 3447 332 3502 et
360 3443 461 3514 finita,
496 3456 596 3515 neque
618 3440 681 3500 ulla
702 3441 778 3499 ratio
801 3441 970 3515 approbare
992 3441 1233 3504 manifestabitur

130 3531 233 3591 borum
263 3529 352 3590 simul
383 3544 453 3588 esse
476 3528 583 3588 valens
606 3528 771 3586 essentiam
794 3532 824 3586 et
847 3527 1117 3603 superessentiale,
1150 3535 1179 3590 et
1200 3531 1231 3589 in

130 3616 169 3675 id·
182 3619 284 3693 ipsum
308 3615 421 3676 ducere
444 3627 551 3675 menso
571 3615 771 3682 immensum,
799 3617 830 3672 ει
851 3613 879 3670 ei
902 3613 983 3686 quod
1004 3615 1035 3672 in
1058 3613 1163 3674 habitu
1185 3622 1232 3676 εει

130 3703 203 3775 qood
228 3705 313 3763 caret
331 3701 523 3771 habitudine,
548 3705 578 3760 ει
595 3699 675 3774 quod
699 3698 813 3759 nullam
837 3698 929 3759 babet
950 3701 980 3758 in
1005 3717 1039 3761 se
1060 3703 1231 3777 categoriae

131 3790 259 3862 speciem
282 3786 462 3848 affirmatam
485 3793 515 3847 ει
536 3803 590 3861 per
611 3803 718 3846 ornnes
742 3802 812 3860 aaa,
837 3788 1058 3862 categoriarum
1081 3786 1230 3860 videlicet,

131 3876 244 3948 spectes
273 3875 445 3935 constituto.
498 3872 607 3932 Omnia
635 3873 716 3932 enim
739 3887 818 3945 quae
840 3877 944 3931 creata
966 3879 1038 3932 sunt
1061 3874 1230 3935 secuudum

133 3961 292 4022 essentiam
316 3966 347 4020 ει
368 3960 595 4038 generationem
618 3959 742 4018 omnino
761 3958 792 4016 in
810 3958 951 4016 omnibus
971 3959 1160 4021 affirmantur
1176 3978 1230 4036 per

134 4045 256 4120 formas,
292 4054 322 4107 ct
354 4047 554 4122 existentibus
588 4061 692 4105 eorum
722 4061 800 4119 quae
829 4044 1018 4105 extrinsecus
1049 4052 1122 4107 sunt
1150 4049 1230 4110 circa

136 4147 194 4192 eam
221 4133 389 4194 rationibus
418 4134 620 4193 eontinentur.
672 4131 798 4191 Sublata
827 4131 928 4205 itaque
951 4147 1071 4191 summa
1093 4135 1231 4194 et'abdi-

138 4220 223 4278 atim
252 4221 333 4280 verbi
363 4219 534 4296 theologia,
570 4218 738 4278 secundum
762 4233 854 4291 quam
877 4233 985 4292 neque,
999 4219 1107 4279 dicitur
1129 4237 1229 4296 neque

139 4304 318 4384 intelligitur,
352 4321 452 4382 neque
482 4311 530 4366 εει
558 4305 680 4366 omnino
704 4303 774 4380 quid
798 4303 896 4364 alicui'
910 4307 1099 4383 cognitorum
1121 4309 1229 4368 merito
