2752 4778
211 155 269 235 64·

251 340 406 442 χέτυπον,
437 326 474 398 06
498 339 552 397 νῦν
573 333 652 435 ἐγει
663 331 717 410 τὴν
738 330 862 415 ἐφεσιν.
911 336 994 418 Περὶ
1021 335 1101 440 μέν
1113 323 1173 398 οῦν
1203 335 1263 397 τοῦ
1280 327 1317 438 μὴ

210 335 292 491 6666
324 422 378 502 την
400 421 618 506 θρυλουμένην
641 415 754 494 ένάδα,
787 421 841 481 καί
864 423 923 481 τοῦ
944 421 1013 493 πῶς
1034 413 1101 483 κατ’
1124 416 1270 503 ἔμφασιν
1289 416 1317 487 ἐκ

211 515 275 576 τῶν
296 511 350 573 νῦν
372 503 446 591 ἧμίν
468 504 604 609 ἐφικτῶν
626 507 679 583 τῆς
700 506 823 605 γραφῆς
846 503 1010 615 νοημάτων
1033 527 1064 570 τε
1082 508 1139 568 καὶ
1157 505 1314 587 λογισμόν

211 596 302 662 ἐσται
329 590 346 672 6
376 592 437 658 τῶν
464 589 644 698 μελλόντων
673 587 882 665 κατάστασις,
905 586 1058 695 εέρῆσθω
1080 592 1190 698 ταῦτμ
1242 593 1315 674 Περὶ

213 684 249 747 δὲ
279 683 337 744 τοῦ
364 682 431 755 πῶς
458 687 559 782 μοῖρα
590 672 677 751 ὄντες
704 673 787 738 θεοῦ
815 670 1014 782 οἷπεῤῥῦημεν
1042 670 1165 740 θεοῦ”
1148 677 1314 825 ηγονμένου

214 765 360 832 ἐντεῦθεν
389 762 445 830 τὸν
475 761 572 847 λόγον
602 760 792 868 ποιησομαι.
859 764 919 836 Τίς
946 759 1006 845 γάρ
1034 759 1129 873 λόγῳ
1150 758 1246 837 εδώς
1269 787 1314 827 και

214 857 317 938 σοφίην
346 850 383 914 τά
407 847 484 914 ὄντα
506 848 541 914 ἐκ
563 850 617 912 τοῦ
636 846 679 930 μὴ
701 844 790 920 ὄντος
813 844 923 956 παρὰ
923 846 1055 912 θεοῦ’
1027 871 1073 923 εις
1094 844 1131 912 τὸ
1155 839 1240 912 εἶναι
1259 873 1313 910 πα·

214 942 357 1024 ρῆγθαι,
389 936 417 1001 εί
446 939 483 1022 τῦ
493 937 655 1040 φυσικῶν
685 936 746 996 τῶν
775 928 875 996 όντων
903 929 1026 1020 άπείρῳ
1048 936 1195 1040 διαφορᾷ
1217 957 1249 998 τε
1269 936 1313 998 καί

54 1045 204 1090 τουτων.
215 1025 361 1109 ποικιλία
395 1017 562 1105 ἐμφρόνως
581 1017 640 1103 Ι
606 1044 641 1083 το
677 1023 729 1096 τῆς
757 1023 859 1123 ψυχῆς
890 1015 1086 1129 θεωρητικόν
1114 1017 1306 1127 προςριγάγυι

215 1114 268 1175 καὶ
290 1133 334 1194 τῳ
320 1085 545 1212 ἐξεταστικῷ
566 1108 784 1211 σννδιακρίιοι
806 1102 891 1210 λόγῳ
914 1131 972 1170 κατ
1004 1101 1206 1170 ἐπίνοιαν
1173 1129 1229 1171 τον
1249 1066 1314 1171 καθ’

216 1191 253 1260 ὃν
283 1171 477 1272 ἐκτίσθησαν
508 1189 619 1273 λόγον,
650 1185 722 1274 οῦχὶ
752 1167 947 1266 πολλοὺς
910 1215 1031 1257 εισεται
1054 1189 1172 1295 λόγους
1193 1187 1250 1256 τόν
1269 1188 1353 1255 ἕνα.

53 1311 89 1350 τι
98 1311 140 1354 ιιι
149 1323 166 1360 η
177 1305 206 1350 ιι
215 1280 330 1364 λογον,
365 1283 402 1368 τη
434 1281 495 1342 τῶν
524 1275 715 1384 γεγονότων
729 1271 899 1383 όδιαιρέτῳ
927 1273 1233 1388 συνδιακρινόμενον
1253 1279 1353 1341 δια·;

217 1369 321 1478 φορά,
359 1347 410 1429 διά
442 1361 496 1440 τὴν
521 1358 624 1428 αῦτυῦν
653 1360 735 1448 πρός
756 1358 876 1440 ἄλληλά
899 1388 930 1429 τε
953 1368 1007 1428 καὶ
1026 1361 1121 1428 ἑαυτά
1094 1360 1353 1474 άσάγχυτον

217 1450 381 1558 ἰδιότηταςΙ
413 1453 465 1514 καὶ
496 1446 637 1513 πάλιν“
621 1473 675 1511 ενα
705 1447 777 1522 τοῦς
799 1447 955 1530 πολλοῦς,
978 1451 1022 1556 τῇ
1028 1446 1125 1553 πρὸς
1145 1445 1243 1514 αῦτυν
1262 1471 1314 1513 των
1348 1478 1353 1519 ι

216 1535 340 1602 πάντων
362 1534 513 1642 ἀναφορά
534 1530 641 1597 '⁴66³‘
629 1531 741 1597 εαυτδν
763 1529 988 1618 άσυγχότως
973 1533 1174 1643 υπάρχοντα,
1202 1531 1313 1599 ”6606-
1348 1548 1354 1595 1

216 1622 290 1690 σιόν
312 1646 344 1686 τε
373 1626 426 1685 καί
456 1618 671 1685 ἐνυπόστατον
700 1622 757 1683 τοῦ
785 1623 866 1684 θεοῦ
894 1626 947 1685 καί
970 1619 1092 1706 πατρὸς
1113 1618 1196 1687 θεόν
1199 1613 1353 1727 λόγον,Ι

56 1743 133 1781 τινα..
148 1736 165 1790 1
178 1736 208 1780 ιε
217 1734 259 1785 ως
291 1701 398 1819 άρχῆν
414 1711 467 1772 καὶ
490 1706 595 1770 αἰτίαν
617 1709 678 1769 τῶν
700 1703 852 1812 όλων,
838 1729 870 1769 εν
893 1732 918 1793 ῳ
906 1697 1135 1786 ἐκτίσθη
1100 1733 1137 1814 τρι
1161 1706 1263 1771 πάντα
1283 1702 1311 1768 τά
1349 1740 1354 1767 =

217 1795 250 1860 ἐν
272 1803 340 1870 τοῖς
361 1788 511 1904 οὐρανοῖς
532 1796 585 1856 καὶ
608 1789 645 1855 τά
670 1789 722 1854 ἐπὶ
744 1786 796 1894 της
817 1794 888 1874 γῆς,
923 1792 959 1856 εί
972 1818 1005 1857 τε
1006 1787 1148 1901 δρατὰ,
1182 1792 1244 1858 εἴτε
1264 1788 1313 1855 άό·
1352 1848 1354 1853 .

216 1904 312 1966 ρατα,
344 1878 406 1944 εἴτε
436 1877 572 1986 θρόνοι,
601 1877 662 1942 εἴτε
685 1876 880 1985 κυριότητες,
911 1877 974 1943 εἴτε
997 1873 1127 1988 ἀρχαὶ,
1148 1877 1213 1944 εἴτε
1235 1877 1313 1954 ἐξου·
1350 1878 1354 1893 ’

216 1971 305 2046 σίαι,
340 1964 442 2028 πάντα
472 1963 506 2039 ἐξ
528 1960 625 2028 αῦτοῦ
647 1967 700 2027 καὶ
724 1957 763 2065 δι
787 1959 885 2028 αῦτοῦ
906 1969 962 2027 καί
984 1965 1030 2040 είς
1051 1961 1150 2031 αῦτδν
1172 1962 1314 2070 ἔκτισται.
1348 1990 1354 1999 ·

219 2049 303 2127 Τοῦς
323 2049 384 2134 γάρ
408 2048 523 2155 λόγους
545 2053 608 2114 τῶν
627 2045 803 2157 γεγονότων
824 2047 919 2154 ἐχων
928 2049 991 2134 πρὸ
1015 2053 1077 2114 τεῦν
1099 2048 1225 2115 αίάνων
1233 2047 1313 2160 ῦφε·

216 2141 338 2246 στιῦτρς
358 2136 507 2242 βουλῆσρι
529 2133 661 2245 ρῖγαθῆ
658 2160 715 2221 κατ
711 2127 919 2210 ἀὐτοῖς’
883 2161 937 2213 την
955 2161 987 2199 τε
1006 2132 1125 2240 όρατῆν
1146 2141 1202 2202 καὶ
1225 2133 1313 2218 άόρα·

216 2250 271 2332 τρν
303 2221 336 2288 ἐκ
369 2227 425 2289 τοῦ
450 2222 492 2306 μη
524 2221 617 2296 όντος
647 2217 843 2298 ῦπεστησατο
873 2227 995 2298 κτίσιν,
1029 2220 1115 2310 λόγῳ
1145 2227 1200 2287 καὶ
1216 2225 1314 2326 σοφίη

217 2308 255 2377 τά
277 2308 379 2374 πάντα
402 2307 481 2374 κατὰ
503 2306 559 2373 τόν
581 2310 693 2371 δέοντα
694 2304 830 2416 χρόνον
852 2306 991 2386 ποιήσας
1014 2333 1045 2374 τε
1067 2314 1121 2373 καὶ
1142 2334 1264 2386 ποιων,
1284 2331 1312 2369 το

218 2395 363 2465 καθόλου
394 2421 425 2460 τε
455 2399 508 2460 καὶ
535 2391 572 2457 τά
596 2387 709 2457 aas*
693 2417 835 2457 εκαστον
888 2391 1002 2479 Λόγον
1023 2393 1086 2480 γάρ
1109 2391 1251 2500 ρῖγγέλοιν
1269 2395 1314 2470 δη·

216 2487 387 2566 μιουργίας
420 2483 704 2586 προκαθηγείσθαι
733 2477 941 2587 πιστεύομεν,
976 2480 1116 2565 λόγον
1103 2479 1236 2561 εκάστης
1262 2480 1316 2543 τόν

218 2571 486 2679 συμπληρουσιῦν
492 2563 548 2629 τόν
569 2561 633 2628 άνω
655 2563 779 2646 κόσμον
802 2561 920 2630 οῦοιιῦν
942 2571 995 2629 καὶ
1019 2564 1197 2676 δυνάμεων,
1230 2563 1317 2647 λόγον

218 2652 417 2758 άνθράπων,
446 2649 595 2760 λόγον”
607 2648 726 2724 παντὸς
748 2653 809 2714 τῶν
832 2650 866 2715 ἐκ
889 2654 973 2757 θεοῦ
993 2650 1029 2717 τό
1049 2645 1132 2717 εἶναι
1154 2650 1317 2762 λαβόντων,

216 2742 272 2805 ἵνα
285 2738 327 2824 μῆ
342 2764 379 2802 τα
367 2732 504 2802 ata-6³⁰
487 2761 621 2802 εκαστοι
634 2737 755 2845 λέγω,
754 2729 866 2800 τδν’
828 2735 924 2801 αυτόν
939 2741 998 2820 μέν
1017 2735 1137 2846 ἀπείρῳ
1156 2734 1227 2803 δι”
1214 2733 1318 2803 εαυτδν

221 2823 361 2912 ῦπεροχῆ
378 2821 548 2932 άφραστον
567 2819 643 2887 όντα
663 2827 716 2886 καὶ
735 2817 965 2930 άκατανόητον,
989 2830 1043 2889 καὶ
1062 2823 1165 2904 πάσης
1183 2822 1318 2890 ἐπέκεινα

220 2917 365 2986 κτίσεως,
388 2915 441 2974 καί
461 2912 514 2988 τῆς
531 2903 597 2972 κατ
616 2903 710 2987 αῦτῆν
730 2905 825 2988 οῦσης
842 2914 895 2974 καὶ
914 2912 1257 3019 νοουμένηςδιαφοράς
1273 2912 1319 2974 καὶ

220 3002 423 3105 διακρίσεως,
459 3000 512 3059 καὶ
542 2994 597 3060 τόν
626 2991 723 3058 αῦτόν
751 2993 784 3057 ἐν
804 2998 885 3059 πᾶσι
907 3005 975 3070 τοῖς
997 2995 1031 3072 ἐξ
1052 2991 1150 3061 αῦτοῦ
1172 2995 1252 3062 κατὰ
1273 2992 1320 3074 166

58 3101 106 3139 0⁰⁶
120 3102 134 3140 ¹
146 3096 210 3140 ¹²³³
220 3081 353 3149 ἑκάστου
385 3078 557 3163 ἀναλογίαν
581 3076 830 3187 άγαθοπρεπυῦς
847 3083 853 3162 Ι
872 3079 1073 3189 δεικνῦμενόν
1103 3107 1136 3147 τε
1166 3087 1221 3148 καί
1251 3087 1320 3189 πλη·

220 3167 398 3279 θυνόμενον
435 3173 488 3232 καὶ
512 3166 557 3243 είς
575 3164 688 3232 ἑαυτόν
708 3164 744 3229 τά
763 3164 865 3230 πάντα
884 3162 1228 3278 άνακεφαλαιοῦμενον,
1253 3160 1320 3234 καθ’

221 3251 259 3320 δν
287 3253 358 3319 τότε
386 3280 466 3319 ειναι
496 3259 551 3318 καὶ
580 3251 616 3317 τό
645 3255 821 3335 διαμένειν,
856 3257 909 3316 καὶ
932 3247 1027 3330 ἐξ
989 3280 1026 3318 ου
1049 3253 1086 3317 τὰ
1109 3251 1268 3360 γεγονότα
1286 3248 1322 3327 (ῦς

220 3344 347 3425 γέγονε,
376 3347 429 3405 καὶ
460 3335 550 3427 ἐφ
534 3330 560 3402 6
582 3343 708 3423 γέγονε,
737 3345 790 3402 καὶ
812 3341 947 3445 μένοντα
970 3345 1023 3404 καὶ
1046 3339 1218 3424 κινοῦμενα
1238 3341 1321 3424 μετέ-

241 3451 269 3492 ει
297 3430 391 3491 θεοῦ.
440 3403 551 3489 Πάντα
579 3424 639 3510 γάρ
652 3427 818 3530 μετέχει
823 3422 875 3487 διά
906 3424 942 3489 τό
966 3426 1000 3491 ἐκ
1022 3429 1105 3491 θεοῦ
1126 3430 1324 3534 γεγενῆσθαι,

221 3510 385 3597 αναλόγως
409 3506 555 3588 θεοῦ,’
537 3538 554 3589 6
585 3508 663 3575 κατὰ
686 3514 777 3590 νοῦν,
806 3506 824 3588 6
849 3509 1012 3593 λόγον,”
993 3539 1010 3590 η
1034 3510 1257 3596 αίσθησιν,”
1238 3538 1323 3591 ηκι-

61 3635 143 3674 ῑυςη
154 3630 210 3684 p15
220 3625 310 3681 νησιν
332 3595 524 3706 ζωτικὴν,
513 3623 528 3675 η
524 3592 689 3675 οῦσιάδη
713 3602 768 3660 καὶ
790 3595 912 3675 ἐκτικίην
934 3595 1245 3708 ἐπιτηδειότητα,ε
1221 3623 1265 3675 ως
1285 3600 1323 3684 τά

218 3685 345 3772 μεγάλῳ
384 3689 437 3750 καὶ
478 3680 677 3766 θεοφάντορι
716 3687 878 3769 Διονυσίῳ
912 3685 1004 3748 δοκεῖ
1032 3687 1077 3748 τά
1105 3680 1324 3769 Ἅρεοπαγίτη.

214 3776 368 3838 Ἐκαστον
401 3761 457 3834 οῦν
491 3771 552 3832 τῶν
584 3770 703 3877 νοεράν
735 3794 768 3833 τε
796 3773 850 3833 καὶ
879 3774 1016 3852 λογικόν
1045 3748 1184 3854 άγγέλων
1214 3795 1247 3836 τε
1275 3774 1325 3836 καὶ

221 3855 401 3966 ἀνθρώπων
429 3850 514 3961 αῦτῷ
542 3857 587 3942 τά
616 3849 742 3920 καθΜ
721 3880 759 3962 ρν
789 3854 921 3934 ἐκτίσθη
950 3854 1035 3944 λόγῳ
1064 3860 1109 3943 τῷ
1138 3856 1171 3921 ἐν
1194 3860 1239 3943 τοῦ
1260 3857 1325 3942 θεῷ

222 3943 306 4024 όντι,
334 3947 388 4007 καὶ
416 3940 500 4046 πρὸς
527 3938 583 4005 τόν
610 3938 732 4004 θεόν’
719 3937 805 4022 όντι,
819 3950 939 4049 μοῖρα
962 3947 1016 4005 καί
1038 3919 1160 4025 λέγέται
1183 3947 1238 4008 καί
1261 3940 1326 4008 ἐστι

222 4032 318 4110 θεοῦ,
351 4026 403 4092 διά
433 4026 488 4091 τόν
518 4022 615 4092 αῦτοῦ
643 4025 785 4112 προόντα
816 4026 847 4090 ἐν
877 4030 921 4090 τά
943 4032 1028 4114 θεῷ,
1062 4026 1232 4103 καθιές”
1197 4053 1326 4114 ειρηται,

291 4255 332 4306 24.
358 4248 388 4303 δι’
416 4249 523 4302 ἑαυτῶν
547 4251 588 4302 ed.
613 4250 667 4303 Gal.
728 4250 769 4301 25.
796 4244 924 4299 ἑκούσιόν
947 4263 975 4299 τε
998 4245 1045 4298 καί
1071 4245 1263 4300 ένοιτόσταειν
1287 4250 1325 4300 εδ.

223 4323 278 4376 Gal.
331 4321 374 4376 66.
392 4316 507 4372 πάντων
524 4320 566 4373 εδ.
590 4319 644 4372 Gal.
