2752 4778
1104 182 1155 262 al

42 362 182 439 ruptioni
209 361 351 436 nolens„
371 359 428 422 sed
454 366 577 438 propter
605 363 815 423 subiicientem
845 365 874 423 in
904 369 998 441 spe‘;¹
1033 382 1158 431 senex

10 498 13 505 .
47 448 213 527 pincipio,
246 463 301 524 per
328 449 560 524 praescientiam
589 449 642 509 sic·
662 465 732 509 eam
751 458 892 523 creante,
926 457 1048 527 propter
1067 469 1158 529 pree-

10 572 15 583 ·
48 535 149 595 risam
178 533 309 596 bominis
337 534 644 610 praevaricationem,
675 537 716 595 lta
744 541 778 596 ut
806 536 948 610 patiendo
971 542 1001 599 et
1021 539 1156 601 videndo
1201 537 1205 543 '

41 636 103 699 aper
130 636 168 681 se
195 623 225 681 in
254 636 443 681 consensum
472 620 569 698 ipsius
598 627 628 681 et
657 623 779 697 proprie
801 621 956 700 dignitatis
978 626 1107 700 venire,.
1123 632 1158 686 at

10 748 12 753 -
47 708 223 784 inseparate
250 707 400 783 reciperet
428 704 469 766 ad
497 721 609 783 corpus
639 713 670 766 ct
692 723 727 766 se
749 709 850 783 ipsam
872 709 980 769 iterum
1003 709 1157 784 adamum.

10 832 13 841 ·
47 790 194 855 mussan
220 794 302 854 enim
330 793 573 869 sapientissimus
601 793 682 854 vitae
713 798 835 854 nostrae
863 796 1001 869 provisor
1031 801 1164 859 natura

45 880 115 941 tter
140 880 186 939 uti
214 895 311 955 saepe
340 879 432 940 rebus
460 879 589 955 propriis
613 880 744 940 motibus
767 880 806 939 ad
829 886 966 942 nostram
987 883 1157 958 utilitatem,

50 964 198 1025 litardius
226 967 336 1026 insane
364 980 420 1025 eas
448 970 634 1036 tractantes,
664 981 704 1024 ex
732 966 911 1026 contusione
939 975 968 1028 et
997 970 1157 1043 perturba·

52 1053 132 1113 tione
153 1051 234 1113 circa
255 1067 311 1112 eas
334 1059 425 1112 etex
446 1052 510 1124 eis,
542 1051 634 1111 adid
657 1051 738 1125 quod
761 1053 892 1112 amabile
916 1060 964 1113 est
985 1056 1156 1116 secundum

10 1202 17 1211 ,
50 1142 189 1198 asturam
216 1136 374 1198 adducens
397 1137 516 1197 interim
538 1138 933 1199 nostrumirrationabilern
956 1140 997 1199 ad
1017 1156 1156 1217 eaquae

10 1266 15 1271 -
52 1223 223 1300 praesentia
251 1229 325 1284 sunt
354 1237 500 1283 amorem.
552 1222 658 1283 Tribus
690 1225 772 1283 euim
800 1226 1002 1286 existentibus
1019 1229 1156 1288 'univer-

43 1309 164 1371 ‚uibus
193 1309 309 1378 modis,
342 1325 396 1386 pcr
427 1325 506 1384 quos
534 1307 639 1368 dicunt
668 1309 784 1370 erudite
815 1317 936 1372 nostras
959 1315 1063 1373 sanari
1084 1330 1156 1390 pas·
1240 1366 1243 1371 .

10 1438 21 1479 -,
52 1394 166 1471 dones,
202 1411 257 1471 per
292 1393 431 1472 singulos
467 1394 575 1455 modos
611 1396 764 1471 sapienter
798 1397 968 1458 inordinato
997 1401 1154 1474 materias,

10 1524 14 1531 -
50 1478 186 1543 ordinate
202 1481 374 1542 secundum
392 1495 486 1558 super
503 1497 560 1540 nos
581 1487 611 1542 et
629 1480 783 1543 meliorem
800 1485 966 1560 rationem,
991 1485 1030 1546 ad
1049 1488 1155 1563 cogni·

52 1572 108 1629 ttm
130 1566 189 1627 deo
207 1568 321 1628 bonam
339 1566 560 1643 pulchramque
577 1567 811 1643 perfectionem,
835 1571 1005 1648 gubernata
1022 1572 1155 1633 malitiae

52 1653 226 1731 passionum
248 1653 429 1731 gravedine,
452 1652 707 1713 medicamentum
729 1656 860 1729 ponitur.
905 1656 968 1717 Aut
983 1658 1063 1718 enirn
1083 1663 1155 1720 ante

10 1774 18 1825 i
53 1741 280 1801 commissorum
309 1744 504 1817 peccatorum
532 1754 663 1814 poenam
685 1746 874 1815 repetentes,
906 1757 1032 1817 quorum
1055 1760 1153 1820 aeque

12 1832 17 1883 ἶ
53 1840 144 1900 aeque
165 1826 330 1903 vestigium
352 1826 497 1884 memoria
519 1823 707 1896 detinemus,
731 1826 871 1887 fortassis
895 1845 967 1888 vero
989 1831 1153 1891 recordan-

52 1916 94 1971 tes
122 1920 328 1988 opportunam
357 1910 476 1971 delictis
499 1912 661 1972 restituere
684 1914 900 1974 correctionem
923 1932 984 1975 non
1007 1918 1155 1977 sustinui-

10 2038 13 2043 ·
53 2012 129 2073 mus,
157 2013 216 2059 seu
238 1998 377 2058 uolentes
402 2012 459 2056 seu
482 2012 543 2055 non
566 1997 705 2058 valentes
729 2005 852 2074 propter
874 2002 1042 2078 ingenitum
1067 2005 1153 2065 mali-

53 2083 105 2144 tiae
124 2082 283 2154 habitum,
317 2099 372 2145 seu
394 2082 596 2143 infirmitatem
618 2100 799 2161 purgamur,
830 2091 884 2146 aut
905 2094 1100 2162 praesentem
1123 2097 1153 2149 et

52 2162 270 2232 ¹‘distributam
300 2170 446 2230 malitiam
474 2169 681 2244 repetiimus>
701 2176 730 2229 et
751 2171 862 2231 iterum
884 2171 923 2231 ad
945 2171 1083 2235 habitum
1105 2175 1154 2235 fu·

10 2310 13 2315 .
53 2260 130 2317 turae
150 2257 235 2318 vitae
252 2255 475 2335 praediscimus
498 2255 650 2331 aspicere:
685 2263 738 2316 aut
758 2256 843 2317 firmo
866 2258 1028 2320 tolerantia
1049 2266 1080 2320 et
1101 2263 1152 2337 pia

10 2388 12 2397 .
51 2340 215 2417 latitudine
243 2341 379 2402 mirabile
409 2340 583 2417 exemplum
611 2342 677 2402 aliis
706 2342 879 2403 bominibus
907 2344 986 2407 alius
1011 2348 1152 2422 proponit

10 2468 12 2487 ÷
52 2425 150 2502 mmo,
184 2429 333 2505 siquidem
363 2427 504 2488 excelsus
533 2433 586 2487 aut
613 2427 811 2504 intelligentia
840 2434 932 2504 atque
953 2433 1062 2493 virtute
1084 2433 1151 2511 glo·

10 2550 15 2575 =
51 2514 141 2585 nasus
170 2520 202 2576 et
229 2514 358 2574 idoneus
386 2529 440 2589 per
468 2528 503 2573 se
532 2513 631 2589 ipsum
662 2514 862 2588 imperterrita
889 2522 994 2578 contra
1016 2509 1172 2590 terrores·

50 2593 164 2678 ”copia
196 2592 392 2661 manilirstere
425 2599 544 2658 interim
578 2599 729 2660 occultam
762 2601 929 2662 venialem.
995 2604 1149 2666 Admonet

42 2685 146 2762 taque
173 2701 228 2746 eos
260 2687 310 2761 qui
337 2684 411 2744 nibil
442 2701 536 2760 supra
557 2693 751 2761 praesentem
774 2688 867 2748 vitam
888 2689 1056 2768 intelligere
1077 2707 1150 2768 pos·

10 2812 12 2841 ÷
50 2778 129 2844 taut,
159 2788 199 2832 ne
220 2773 249 2831 iu
273 2773 404 2832 sanitate
426 2772 563 2846 corporis
586 2772 755 2845 confidant,
787 2778 819 2833 et
844 2770 1063 2838 ”destillando
1084 2795 1151 2839 mo·

50 2857 93 2919 illi
121 2875 226 2921 rerum
253 2874 347 2920 cursu
375 2874 429 2934 per
452 2873 557 2918 aarum
584 2857 722 2919 delectus
745 2859 932 2936 exaltentur,
967 2862 1040 2923 dum
1061 2880 1150 2940 prae-

49 2960 114 3007 rens
141 2944 260 3006 steterit
288 2945 364 3016 vita,
398 2946 428 3004 et
456 2946 486 3003 in
509 2943 600 3005 talem
623 2947 844 3021 corruptionem
866 2947 1150 3021 circumvolvantur,

48 3031 122 3093 circa
149 3045 241 3106 quam
270 3031 431 3091 conversio
454 3034 502 3090 est
523 3035 554 3089 et
574 3032 777 3106 mutabilitas3
811 3032 884 3092 dum
908 3033 1028 3096 sithoc
1050 3037 1149 3098 ineer-

10 3154 14 3189 ;
48 3120 122 3192 lum,
155 3115 229 3193 quia
258 3134 297 3178 ex
326 3132 453 3192 corpore
482 3110 515 3176 'et
545 3116 680 3177 exterius
709 3133 809 3179 rerum
839 3119 1083 3195 dissimilitudine
1108 3139 1148 3183 ac

10 3242 13 3263 ÷
46 3204 265 3279 perturbatione
295 3203 340 3263 eis
369 3204 535 3279 contingat.
591 3201 654 3261 lloc
683 3205 764 3264 enim
791 3205 920 3265 arbitror
948 3205 1049 3267 dicere
1077 3215 1169 3269 eum'

10 3290 15 3309 “·
45 3304 93 3365 per
112 3286 193 3361 boa,
226 3288 320 3363 ,Dum
344 3304 363 3347 a
385 3305 420 3348 sc
439 3290 506 3363 ipsa
528 3289 671 3349 materies
693 3289 751 3350 fert
771 3290 1004 3364 inordinatum‘,
1033 3310 1088 3369 pro
1109 3311 1148 3355 eo

46 3376 210 3451 prodest,
240 3374 313 3436 dum
335 3377 392 3436 sub
415 3376 607 3451 corruptione
630 3379 660 3435 et
683 3376 881 3437 mutabilitate
902 3383 951 3438 est
971 3377 1030 3440 boc
1051 3383 1146 3441 totum

45 3468 71 3522 et
90 3478 204 3539 corpus
226 3460 403 3522 humilitatis
425 3460 609 3539 induamur,
630 3466 661 3521 et
683 3477 781 3538 acque
799 3479 839 3524 ex
862 3465 928 3540 ipso
951 3481 1005 3541 per
1026 3465 1148 3527 insitam

10 3608 15 3619 ,
44 3546 243 3609 infirmitatem
271 3547 373 3608 multis
403 3546 501 3606 modis
531 3547 621 3608 malis
650 3549 842 3624 subiicimur,
885 3567 924 3610 ne
952 3552 990 3610 ab
1017 3551 1148 3613 invicem

10 3630 20 3651 ⁶
43 3649 218 3711 separemur
246 3649 302 3711 per
332 3649 399 3695 eam
422 3649 500 3710 quae
523 3634 604 3693 circa
625 3649 682 3693 nos
706 3641 753 3695 est
775 3637 806 3694 in
828 3636 1060 3712 aequalitatem,
1091 3637 1147 3698 scd

43 3722 139 3799 magis
175 3718 316 3797 prudenti
352 3720 536 3796 cogitatione
572 3721 704 3781 naturali
739 3721 866 3800 collegio
900 3723 1146 3798 inaequalitatem

42 3805 129 3881 plane
164 3806 328 3880 iaciamus,
367 3803 494 3866 aliorum
532 3805 669 3868 deiectus
698 3808 809 3867 nostris
838 3808 915 3885 ipsis
945 3809 1147 3886 adimplentes

43 3892 340 3970 superabundantiis.
408 3891 530 3969 Propter
560 3891 620 3952 boc
649 3893 789 3954 fortassis
818 3909 966 3971 praesens
996 3910 1146 3958 concessa

42 3985 86 4041 est
119 3978 299 4041 conversari
336 3977 504 4048 anomalia,
541 3983 575 4038 ut
605 3979 816 4039 ostenderetur
844 3981 968 4041 rationis
997 3997 1088 4057 qnam
1116 3984 1147 4043 in

249 4066 264 4099 Ο

12 4206 19 4225 '
105 4206 149 4260 ili.
175 4205 245 4271 Lege
268 4207 466 4271 marcentem
489 4219 552 4257 reos.
582 4205 677 4270 (Gale.)
749 4206 792 4256 27.
818 4206 888 4270 hege
906 4208 1020 4272 copula.
1048 4207 1146 4274 (Gale.)

42 4273 80 4326 28.
104 4276 186 4326 Verte
209 4289 261 4329 trec
282 4279 403 4342 propter·
426 4288 527 4330 rerum
550 4288 674 4327 suoram
698 4287 816 4327 cursum
841 4274 1016 4343 tactionum
1039 4282 1146 4330 contra

42 4357 87 4397 ror
103 4347 155 4411 qut
172 4345 240 4397 tutte
256 4347 360 4399 carent
377 4346 556 4399 enarrentur.
586 4343 682 4410 (Gale.)
766 4348 767 4351 ’
921 4415 939 4474 6
