2752 4778
1055 212 1129 288 825

120 399 352 472 praecursorem
382 393 420 452 ibi
444 394 614 469 appellans.
671 395 745 456 Cum
768 412 839 456 vero
862 399 1053 473 praeclarum
1075 395 1131 459 ha·

120 484 283 559 praemium
307 480 515 552 oboedientia,
547 494 607 555 qua
630 483 763 542 maxime
785 483 978 557 praesulibus
1002 487 1132 564 morige-

122 570 265 642 ubemur,
298 580 431 641 cumque
461 567 617 642 scripturis
646 569 744 628 sacris
773 569 867 630 otium
896 570 1073 646 impendere
1101 578 1133 632 et

145 672 199 716 eas
228 660 259 714 et
286 653 508 730 pervestigare,
544 653 727 728 divinaeque
755 654 815 732 legi
845 655 893 715 dle
915 672 952 716 ac
974 652 1065 718 nocte
1086 659 1132 716 in·

120 758 184 813 ere,
216 741 303 801 bouis
334 756 371 800 ac
399 738 478 816 frugi
508 740 639 800 maxime
669 743 832 801 convenire
861 742 1010 813 viderem,
1042 745 1132 803 simul

121 828 285 887 ersationis
303 832 333 885 ει
351 825 593 886 inoboedientiae
609 827 774 902 periculum
797 828 1007 904 reformidans,
1030 845 1132 890 meam

120 933 132 974 s
155 915 361 974 coniecturam
382 928 438 988 pro
461 912 574 972 viribus
598 915 764 989 enarrabo,
789 916 914 989 vestris,
938 917 989 990 qui
1007 915 1066 976 hoc
1084 932 1133 976 me

119 1003 139 1060 ii
157 1001 347 1069 iniunxistis,
369 999 595 1074 precationibus
614 999 720 1060 iratus.
766 999 899 1060 Arbitror
917 1003 1027 1078 igitur,
1050 998 1133 1077 quod

120 1087 231 1147 livinus
259 1091 365 1145 contra
393 1084 552 1145 historiam
575 1085 649 1146 dixit
671 1086 792 1156 doctor,
820 1086 930 1146 Christi
952 1103 1134 1163 praecurso·

120 1191 171 1248 pro
202 1173 314 1234 tonitru
344 1170 404 1230 lilio
433 1188 568 1247 ponens,
605 1172 635 1230 id
665 1189 726 1232 non
757 1172 842 1232 aliter
870 1190 963 1248 posse
992 1175 1050 1234 nisi
1080 1190 1134 1250 per

120 1260 311 1338 mplationem
339 1258 542 1333 complanari,
571 1274 652 1333 quae
681 1258 748 1318 sola
778 1264 826 1318 εει
853 1275 958 1319 eorum
988 1275 1066 1334 quae
1095 1259 1134 1320 de

120 1348 150 1406 ia
174 1347 231 1407 sibi
253 1344 460 1404 contradicere
478 1344 620 1403 videntur
639 1344 858 1420 comploratio,
888 1347 959 1421 quia
976 1349 1133 1407 veritatem

120 1433 224 1492 ouibus
256 1430 423 1506 simplicem
455 1430 624 1491 secundum
654 1436 795 1491 naturam
824 1432 1053 1508 incorporaliter
1080 1433 1135 1493 de·

120 1524 189 1593 trat,
221 1535 280 1579 non
313 1518 438 1577 vocibus
468 1522 521 1577 aut
550 1518 725 1593 corporibus
748 1523 928 1579 concretam.
982 1517 1135 1592 Quemad-

120 1623 146 1664 m
181 1606 273 1682 igitur
306 1619 437 1680 magnus
470 1603 603 1664 loannes
634 1606 766 1680 baptista
794 1619 978 1679 praecursor
1006 1612 1134 1666 vocatus

120 1697 260 1767 respectu
288 1693 355 1750 eius
385 1691 436 1764 qui
457 1705 565 1750 revera
587 1692 823 1767 expectabatur,
853 1697 883 1751 et
903 1690 969 1750 Vox
991 1697 1135 1769 respectu

120 1779 199 1852 mis,
229 1778 315 1837 cuius
345 1775 541 1837 denuntiator
569 1778 750 1852 antecessit,
782 1782 812 1837 et
840 1779 965 1838 lucerna
994 1784 1135 1854 respectu

149 1869 184 1923 ut
214 1862 376 1924 artificialis
408 1870 438 1922 et
469 1864 601 1938 positiva
636 1868 665 1923 et
699 1864 875 1938 temporalis
906 1862 960 1923 lux
994 1869 1136 1940 respectu

120 1950 173 2010 alis
202 1957 232 2011 et
260 1949 432 2010 essentialis
462 1955 492 2009 et
524 1964 583 2007 non
615 1950 795 2009 artificiosae
824 1956 854 2010 et
879 1954 1022 2010 aeternae
1045 1958 1135 2025 atque

121 2036 263 2114 ngnibilis
298 2036 393 2111 lucis,
434 2036 562 2095 arbitror
600 2050 673 2094 vero
714 2037 806 2096 etiam
841 2041 875 2094 ut
913 2036 1134 2112 resipiscentia,

120 2123 197 2183 alem
228 2137 308 2197 quac
339 2137 373 2181 se
403 2123 603 2181 antecesserit
631 2122 774 2182 iustitiam
804 2125 875 2196 post
903 2137 938 2180 se
966 2121 1135 2182 secundum

120 2211 237 2270 iamiam
267 2209 379 2269 iactum
408 2209 442 2268 iri
471 2208 671 2283 praedicans,
701 2241 742 2253 -·
773 2209 816 2266 ita
841 2208 891 2267 hic
918 2223 1038 2282 quoque
1060 2207 1136 2267 divi-

125 2299 216 2356 istum
239 2295 394 2355 doctorem
418 2311 455 2353 eo
477 2294 559 2369 quod
582 2298 687 2354 contra
710 2293 867 2354 historiam
891 2310 1037 2371 magnum
1061 2310 1137 2370 opo-

120 2400 140 2443 n
162 2381 306 2442 loannem
329 2396 559 2457 praecursorem
582 2380 691 2440 dixerit
709 2376 839 2458 figurate
858 2379 936 2440 velle
954 2381 1136 2457 significare,

133 2468 368 2545 evangelistam
392 2483 537 2544 magnum
560 2466 705 2528 loannem
728 2468 758 2525 in
783 2466 944 2543 evangelio
969 2484 1026 2528 suo
1048 2483 1138 2543 prae-

121 2572 185 2615 rem
220 2570 291 2615 esse
323 2552 478 2614 Sermonis
514 2554 614 2631 magis
651 2553 769 2629 mystici
805 2558 837 2613 et
870 2554 1009 2629 maioris,
1047 2569 1138 2629 quem

120 2642 260 2716 icaverit,
295 2642 405 2715 quique
428 2656 485 2700 nec
508 2642 608 2700 verbis
631 2641 763 2715 exprimi
783 2655 839 2698 nec
861 2639 985 2717 linguae
1008 2639 1139 2699 carnalis

134 2727 210 2788 edici
239 2729 346 2803 possit.
405 2725 585 2786 Sanctorum
615 2728 696 2786 enirn
728 2725 957 2803 evangeliorum
987 2728 1139 2802 scriptura

120 2816 176 2874 atio
200 2821 249 2874 est
270 2813 310 2874 ud
333 2814 554 2890 cognitionem,
576 2815 620 2872 eis
644 2828 767 2888 semper
789 2813 997 2890 obtingentem
1018 2815 1067 2888 qui
1085 2829 1140 2888 per

120 2899 282 2961 exaltentur
311 2906 341 2959 et
369 2899 536 2975 corporalis
564 2899 746 2976 prudentiae
775 2900 915 2960 crassitie
946 2899 1141 2975 spiritualiter

120 2992 241 3065 argent,
272 2986 319 3045 vel
350 3002 430 3061 quae
458 2987 489 3045 in
519 2985 619 3046 laturo
648 2987 801 3063 obtinget,
830 2991 902 3062 post
931 3002 1031 3046 rerum
1061 3001 1140 3060 quae

120 3079 183 3133 rtur
215 3072 521 3134 consummationem.
588 3070 663 3132 Nam
697 3073 776 3134 sicut
807 3071 858 3131 lex
886 3073 1034 3132 institutio
1063 3077 1141 3141 erat,

120 3159 311 3238 :emporalem
341 3174 421 3235 quae
449 3159 479 3216 in
509 3174 546 3217 ea
575 3159 743 3234 apparebat
773 3158 993 3234 cognitionem,
1034 3173 1139 3227 eorum

120 3262 158 3307 rer
180 3248 279 3322 ipsam
300 3247 332 3305 in
354 3245 523 3315 Christum,
546 3242 725 3305 Sermonem
747 3245 777 3303 in
802 3259 892 3303 carne
914 3243 1044 3317 iactum,
1072 3259 1142 3303 eru·

120 3338 192 3409 ntur
213 3339 244 3394 ει
267 3331 306 3392 ad
328 3332 458 3408 primum
482 3332 548 3391 eius
571 3331 737 3392 adventum
760 3329 920 3407 evangelio
944 3330 1140 3407 cogebantur,

120 3425 240 3480 anctum
271 3434 392 3494 quoquo
419 3418 612 3495 evangelium
637 3417 786 3479 institutio
814 3422 862 3478 εει
884 3432 990 3477 eorum
1014 3417 1065 3491 qui
1087 3431 1143 3492 per

120 3506 184 3565 rin
206 3505 373 3579 christum,
398 3501 576 3565 Sermonem
599 3504 803 3580 spiritualem,
834 3501 1029 3576 erudiuntur,
1054 3507 1084 3562 et
1102 3502 1141 3562 ad

120 3592 204 3652 idum
232 3592 299 3652 eius
328 3591 493 3651 adventum
516 3590 615 3652 iuturo
638 3593 668 3649 in
692 3589 806 3651 mundo
830 3595 996 3668 cogitatur,
1026 3589 1052 3647 si
1075 3588 1142 3662 qui-

132 3694 203 3739 oaro
231 3685 262 3738 et
291 3679 415 3753 spiritus
441 3677 522 3737 idem
546 3684 594 3738 est
616 3693 652 3736 oc
675 3675 847 3737 secundum
869 3676 1052 3753 cognitionis
1075 3674 1144 3734 unt·

120 3780 144 3824 te
174 3765 415 3825 convenientiam
446 3768 477 3823 et
503 3763 553 3824 hic
581 3765 613 3823 tit
643 3762 692 3821 vel
720 3762 786 3836 illa,
820 3763 891 3837 quia
920 3762 1020 3823 omnis
1042 3775 1143 3820 sermo

120 3867 161 3911 us
189 3856 219 3910 et
246 3851 353 3911 litteris
383 3850 530 3909 subiacet.
585 3848 695 3909 Audeo
723 3864 795 3909 vero
817 3849 918 3908 dicere
941 3847 1144 3922 quodcunque

120 3939 335 4014 rcogitatum,
365 3936 446 4013 quod
471 3937 562 3996 menti
583 3936 714 4010 imprimi
735 3939 843 4009 queat,
875 3935 914 3994 ab
942 3934 1144 4002 institutione,

121 4039 182 4084 uae
209 4039 244 4084 se
274 4024 431 4100 superiora
459 4023 521 4081 sint
546 4023 730 4096 instruente,
765 4036 827 4080 non
859 4017 988 4079 differre.
1043 4017 1144 4092 Quare

120 4131 125 4170 ι
147 4116 290 4185 quattuor
313 4125 438 4170 numero
461 4114 534 4168 sunt
556 4107 732 4184 evangelia,
769 4111 802 4166 ut
823 4107 867 4166 eis
890 4107 941 4181 qul
964 4107 1069 4167 sensui
1091 4104 1146 4164 ad·

120 4202 148 4257 et
170 4198 303 4258 interitui
326 4196 453 4257 subiecti
475 4199 548 4254 sunt
569 4195 689 4254 interim
714 4190 931 4270 perceptibilia.
975 4191 1042 4251 Pari
1064 4192 1145 4253 enim

120 4299 164 4343 ero
185 4290 259 4345 sunt
280 4283 432 4344 elementa
455 4296 576 4356 quoque
597 4279 690 4340 huius
714 4279 834 4353 mnndi,
864 4282 895 4337 et
915 4282 1059 4352 quattuor
1079 4293 1147 4338 rur-

120 4371 259 4445 virtutes,
288 4385 327 4431 ex
350 4369 462 4444 quibus
485 4366 651 4443 spiritualis
674 4365 844 4427 secundum
867 4363 1050 4510 ιεὶεδιιεειεεε
1074 4379 1147 4424 εοε-
