2752 4778
1173 166 1247 249 iit

121 342 233 419 Datum
261 343 344 403 enlm
374 357 431 402 nos
460 356 532 403 esse
554 334 700 416 dicimus,
731 346 761 404 ει
781 359 936 422 nusquam
960 364 1045 424 esse,
1079 355 1246 432 quianon,

122 430 224 505 quasi
246 429 279 487 in
300 427 384 499 loco,
415 428 617 488 essentialiter
638 429 806 491 secundum
830 435 1034 495 substantiam
1059 439 1247 502 circumscri-

123 515 228 592 bitur,
261 520 293 575 et
312 529 384 575 esse
402 517 543 589 omnino,
568 516 639 591 quia
656 521 720 577 tota
737 519 937 581 universitate
955 512 1062 582 dorum
1080 539 1159 600 quae
1177 533 1249 588 sunt

123 600 228 678 plane
252 617 314 660 nou
338 606 409 679 eget
431 601 471 661 ad
494 602 582 660 suam
606 602 815 675 existentiam,
840 606 907 666 sine
929 609 1038 683 quibus
1060 615 1091 670 et
1112 615 1192 689 erat,
1217 619 1248 674 et

122 691 197 764 est,
230 692 261 747 ει
291 692 414 762 semper
444 703 515 747 esse
543 689 669 762 poterit,
698 688 748 750 vel
776 692 878 766 potius
907 709 1028 769 semper
1049 700 1106 755 est.
1158 697 1247 758 Haud

121 774 213 835 enim
237 790 292 849 pro
314 772 466 850 positione
488 774 582 832 utitur
603 775 649 834 eis
669 790 748 849 quae
768 782 839 837 sunt
859 778 909 852 qui
927 779 974 839 vel
992 786 1065 841 ante
1083 783 1137 842 luit
1156 785 1261 857 quam‘

120 862 200 937 ipsa
221 874 302 935 quae
326 864 407 919 sunt
461 855 536 919 Nam
559 860 587 919 si
608 877 704 936 penes
726 877 782 922 nos
805 863 835 922 in
860 865 924 924 suis
948 866 1080 926 artificiis
1102 869 1246 930 substan-

120 946 236 1007 tialem
266 944 459 1006 existentiam
487 946 617 1006 artifices
639 947 732 1024 plane
755 964 816 1008 non
839 948 955 1010 babent
977 954 1246 1031 circumscriptam,

120 1048 195 1094 rem
224 1032 413 1092 interituram
436 1033 543 1104 istam,
578 1037 609 1093 et
631 1048 710 1108 quae
733 1037 834 1096 verius
857 1051 1014 1112 nunquam
1037 1055 1108 1099 esse
1130 1040 1247 1103 dicere·

120 1125 196 1195 tur,
220 1117 310 1194 quid,
336 1131 468 1193 quaeso,
493 1119 531 1178 de
550 1117 693 1180 ineffabili
716 1126 746 1179 et
768 1123 925 1200 incognita
947 1129 977 1182 ει
1000 1126 1142 1186 omnibus
1165 1129 1247 1203 pari·

120 1211 175 1267 tea·
196 1203 420 1281 inperceptibili
442 1219 480 1264 ae
503 1221 624 1282 semper
646 1206 753 1266 cadem
776 1212 928 1284 potestate
951 1209 1089 1270 dixeris?

120 1371 189 1446 Ex
210 1370 342 1445 eodem
366 1393 552 1462 sermone,
581 1371 620 1444 in
643 1371 762 1462 illud,
791 1390 805 1465 ¹,
815 1369 902 1447 Sive
930 1373 1107 1448 diurnum
1129 1376 1243 1474 quod·

181 1475 270 1550 dam
286 1481 365 1547 erat
380 1482 584 1573 spectrum,
611 1475 690 1549 sive
704 1476 858 1550 minime
872 1477 991 1551 fallax
1005 1478 1123 1553 noctis
1138 1479 1243 1572 visio,

180 1578 261 1653 sive
273 1577 424 1677 praevia
439 1576 620 1677 quaedam
636 1580 771 1652 mentis
790 1580 1001 1680 impressi0,
1023 1582 1150 1655 futura
1164 1591 1242 1666 tau·

180 1705 293 1781 quam
313 1681 519 1780 praesentia
540 1679 727 1756 exhibens.

236 1819 351 1878 Beatus
381 1815 430 1877 lrie
460 1822 548 1894 pater
575 1820 611 1878 iis
642 1819 752 1893 quibus
782 1818 941 1880 bominum
964 1825 1074 1882 natura
1097 1837 1245 1899 conspur-

124 1909 216 1967 catur
236 1920 292 1981 per
313 1904 460 1981 activam,
492 1920 571 1980 quae
593 1905 718 1975 dicitur,
740 1904 963 1981 philosophiam
986 1910 1108 1981 penitus
1129 1926 1244 1989 purga-

124 1999 195 2067 tae,
232 2006 270 2052 ac
298 1997 401 2051 mente
428 2006 447 2050 a
476 1996 584 2052 sancto
615 1992 723 2065 spiritu
752 1990 923 2051 divinarum
954 1994 1243 2069 contemplationum

124 2078 296 2159 propositis
327 2093 367 2137 ex
394 2076 459 2136 toto
487 2081 706 2153 praeparatus,
737 2092 792 2152 per
814 2092 917 2137 veram
940 2080 1121 2156 cognitionis
1144 2083 1244 2141 initia

126 2166 260 2240 donem,
293 2165 404 2238 quippe
432 2161 540 2222 eadem
570 2168 661 2238 atque
691 2163 789 2223 sancti
818 2162 984 2239 prophetae
1013 2174 1141 2241 passus,
1173 2184 1245 2241 pro-

126 2251 254 2329 phetiae
276 2250 397 2326 species
419 2249 449 2307 in
473 2248 521 2308 his
544 2251 633 2309 nobis
657 2251 854 2309 enumeravit.
889 2249 975 2322 Quae
997 2256 1058 2311 tam
1081 2253 1243 2330 magnilica

127 2343 225 2415 atque
247 2336 348 2396 divine
369 2336 581 2412 pronuntiata,
605 2339 636 2395 et
658 2336 792 2394 omnium
816 2336 867 2411 qui
885 2351 946 2394 non
965 2335 1042 2396 tales
1060 2338 1158 2412 qualis
1176 2340 1244 2415 ipse

128 2424 280 2505 magister
305 2420 363 2481 init
391 2420 567 2481 facultatem
596 2423 790 2498 superantia,
830 2423 986 2501 suscipere
1014 2424 1244 2500 interpretanda

127 2508 247 2573 audere
274 2508 383 2570 saltem
415 2524 471 2568 nos
498 2507 612 2568 debere
639 2514 803 2584 postquam
831 2508 905 2568 utile
934 2509 1033 2569 visum
1066 2515 1129 2584 est,
1170 2527 1243 2571 con-

127 2592 317 2660 iecturaliter
349 2590 424 2671 hoc,
465 2609 526 2652 non
557 2594 744 2655 enuntiative
774 2594 829 2653 erit
857 2593 1041 2654 iaciendum.
1071 2617 1073 2621 ’
1107 2597 1244 2656 Arbitror

128 2684 240 2763 igitur,
270 2686 304 2741 ut
334 2679 406 2757 quid
434 2680 573 2756 suspicer
600 2696 655 2756 pro
684 2679 795 2740 hebete
823 2695 892 2740 meo
914 2684 945 2740 et
967 2681 1098 2742 obtunso
1120 2683 1265 2760 ingenio·

127 2769 265 2842 edicam,
295 2767 454 2841 ,diumum
473 2770 645 2851 spectrum‘
670 2782 739 2826 eum
758 2766 874 2826 dixisse
890 2768 1040 2828 visionem
1059 2774 1090 2829 et
1109 2770 1242 2829 sonitum

128 2853 247 2918 sanctis
282 2853 354 2912 viris
391 2857 538 2928 tanquam
571 2867 625 2928 per
658 2868 784 2913 sensum
813 2854 1010 2928 spiritualiter
1040 2855 1174 2915 auditum
1206 2871 1244 2915 ac

127 2942 231 3003 visum
264 2954 366 2999 rerum
401 2955 438 2999 ac
470 2939 642 2998 verborum.
704 2938 749 2998 De
779 2937 889 2999 divinis
920 2941 1000 3000 enirn
1029 2957 1091 3001 non
1119 2942 1167 3001 fas
1196 2946 1244 3001 cst

129 3032 269 3089 statuere
297 3025 477 3087 miraculum
501 3039 573 3084 vere
597 3024 708 3085 adesse
731 3028 870 3100 oportere
892 3025 931 3084 ad
953 3027 1118 3104 imaginem
1142 3029 1244 3102 impii*

129 3112 293 3186 mendam,
329 3110 386 3172 scd
416 3110 491 3171 miro
521 3109 654 3185 quodam
683 3114 713 3171 et
739 3111 862 3170 insolito
892 3111 1000 3181 modo,
1035 3128 1093 3172 nec
1122 3117 1243 3187 spectro

128 3199 196 3262 uilo
221 3201 400 3275 praesente,
434 3212 492 3258 uec
520 3197 644 3256 vocibus
676 3196 872 3257 sensibilibus
900 3212 956 3272 per
977 3212 1083 3256 auram
1107 3199 1244 3258 sonanti-

128 3288 206 3361 bus,
234 3284 400 3363 imaginem
429 3282 567 3359 efficere,
600 3297 692 3358 quam
722 3284 814 3343 rebus
845 3262 953 3342 divinl’s
976 3284 1113 3343 initiatus
1136 3299 1244 3343 revera

128 3377 160 3433 et
182 3370 289 3431 audiat
311 3376 342 3431 et
362 3368 475 3431 videat.
520 3366 674 3443 Siquidem
700 3370 799 3429 omnis
822 3369 999 3446 imaginatio
1022 3374 1076 3430 aut
1096 3384 1244 3445 praesen-

127 3459 205 3519 tium
230 3460 293 3532 est,
324 3459 378 3516 aut
400 3454 648 3531 praeteritorum3
685 3455 855 3516 futurorum
877 3456 981 3515 autern
1004 3470 1163 3530 nunquam
1186 3460 1242 3515 est.

129 3542 186 3605 list
214 3542 295 3602 enim
317 3539 438 3601 affectio
460 3542 685 3602 extremitatum
707 3542 739 3599 in
761 3539 861 3600 medio
884 3541 1042 3601 collocata.
1096 3540 1244 3600 Extremi-

128 3634 211 3693 tates
230 3633 333 3689 autern
350 3627 418 3688 dico
435 3627 465 3687 id
484 3627 565 3702 quod
588 3628 773 3705 imaginatur
795 3632 825 3686 ct
848 3626 929 3702 quod
950 3627 1083 3705 imagine
1106 3633 1243 3702 apparet,

128 3732 171 3779 ex
204 3713 313 3790 quibus
347 3729 403 3789 per
438 3714 569 3775 mediam
603 3714 870 3791 imaginationem,
905 3729 985 3788 quae
1018 3713 1244 3774 extremitatum

129 3800 252 3862 allectio
279 3805 310 3860 ει
339 3799 444 3859 relatio
474 3804 539 3874 est,
571 3800 674 3877 imago
704 3798 855 3874 nascitur,
887 3799 1014 3859 actionis
1038 3804 1069 3860 et
1089 3798 1244 3874 passionis

128 3887 295 3961 terminus,
326 3886 455 3946 actionis
477 3886 600 3960 quidem
623 3887 689 3946 eius
713 3884 792 3960 quod
815 3885 1013 3961 imaginatur,
1036 3889 1066 3944 et
1089 3886 1244 3959 passionis

128 3976 199 4037 eius
233 3971 315 4048 quod
342 3972 476 4051 imagine
499 3977 645 4050 apparet,
673 3970 917 4032 extremitatibus
939 3987 993 4046 per
1013 3971 1146 4031 mediam
1168 3971 1246 4032 imd-

128 4060 339 4140 gn'nationem,
358 4056 389 4117 id
410 4063 458 4119 est
478 4059 658 4120 relationem
681 4064 712 4119 et
733 4056 925 4118 allectionem
948 4059 1028 4118 circa
1048 4059 1146 4136 ipsam
1168 4058 1246 4118 ima·

128 4148 251 4226 ginem,
274 4144 520 4208 cohaerentibus.
565 4144 771 4220 Quaecunque
794 4145 874 4204 enim
890 4144 1066 4206 vsecundum
1090 4143 1244 4221 quidpiam

128 4234 229 4295 altera
257 4232 380 4309 petunt,
409 4246 502 4311 agere
523 4232 682 4306 dicuntur,
717 4245 919 4307 quaecunque
948 4235 1051 4292 autem
1074 4230 1246 4292 secundum

130 4319 287 4398 quidpiam
318 4317 418 4381 alteris
441 4317 619 4396 succidunt,
650 4319 725 4395 pati.
776 4316 881 4396 ltaque
902 4333 981 4395 qaae
1003 4322 1127 4396 petant,
1157 4318 1246 4378 natm
