2752 4778
233 242 307 326 61⁰

229 435 315 512 νικῆς
344 423 416 497 666'
448 422 575 504 6666‘
558 429 658 514 ροπῆς
678 414 986 535 προεπινοουμένης,
1018 423 1192 530 εἰληφέναι
1217 416 1274 483 τὸν
1291 415 1368 503 ⁸⁸²:

231 544 302 603 ριον
319 515 355 582 τό
377 512 508 593 ζωτικὸν
524 516 666 621 πνεῦμα,
687 508 758 589 6602
781 505 951 617 ἰμηιόσημα
973 507 1054 573 κατὰ
1075 506 1116 573 τό
1140 494 1368 589 άνθράπιιιι

230 600 344 681 αἰτοῦ,
379 602 458 709 λέγω
492 602 528 664 66
558 597 613 677 την
630 594 752 691 νοερόν
781 592 884 705 66266
940 593 994 660 66
1024 597 1082 659 τοῦ
1112 592 1270 675 σώματος
1294 595 1333 653 τοῦ

232 688 266 755 ἐκ
295 690 349 766 τῆς
374 681 534 771 οἰχράντου
562 680 778 771 1’παρθένια
807 686 902 747 καίο
943 678 1020 763 μετιί
1044 679 1100 758 τίγν
1124 669 1332 761 σόλληιριι,ἰ

133 770 140 783 ’
231 772 424 846 διδάσκαλος
445 771 627 857 διορίζεται.

235 904 339 1000 Πρὸς
367 902 455 986 τοὺς
478 903 654 1004 λέγοντας
685 905 937 1001 προϋπάρχειν
966 911 1043 976 τῶν
1068 902 1266 996 σωμάτων
1286 898 1334 981 66¹

282 1002 417 1104 ψυχάς.
1240 1030 1261 1046 ··

340 1142 433 1213 Τινὲς
459 1142 518 1221 μὲν
546 1136 607 1242 γάρ
637 1162 752 1244 φασιν,
782 1133 824 1212 ὡς
849 1135 904 1216 666
927 1134 1142 1220 προλαβώνέ
1137 1163 1225 1244 φην,
1254 1144 1336 1223 προῦ·

70 1257 118 1296 col.
134 1224 418 1332 63266666366
386 1229 392 1305 Ι
412 1227 473 1288 τῶν
506 1222 661 1306 σωμάτων
690 1221 746 1299 τοίς
773 1221 939 1325 ψυχάς,ι
950 1226 1031 1297 τινὲς
1060 1224 1097 1286 66
1125 1221 1164 1287 τὸ
1198 1220 1336 1303 ἐναντίον,

68 3565 116 3605 cod.
131 3566 145 3604 l.
152 3560 223 3605 6316.

226 3451 286 3511 καί
307 3444 451 3530 γνώσεως
472 3445 569 3514 αῦτόν
590 3451 802 3559 ”606666666
837 3449 969 3560 ’Ἄπαγε
1010 3456 1141 3532 Πολλῆς

233 1318 296 1376 τῶν
323 1313 436 1418 ψυχῶν
461 1308 684 1416 προϋπάρχειν
713 1306 750 1372 τά
780 1307 922 1392 σώματα.
971 1304 1104 1416 Ἡμεῖς
1113 1310 1149 1373 66
1173 1304 1233 1387 τὴν
1252 1310 1336 1418 μέσην

234 1390 364 1462 6666‘
340 1420 383 1471 οις
409 1393 578 1498 βασιλικὴν
607 1392 685 1459 κατά
715 1393 786 1471 τοῦς
814 1391 992 1501 πατέρας
976 1396 1062 1496 ημιῦν
1085 1389 1314 1471 όδεῦοιτες”
1279 1418 1335 1459 οιτι

231 1480 457 1590 ’προῦπαρξιν
479 1477 550 1545 οῦτε
571 1479 761 1589 μεθόπαρξ
744 1508 773 1545 ιι
785 1484 897 1585 ψυχῆς
919 1476 937 1558 6
959 1476 1124 1583 σώματος,
1148 1476 1337 1566 συνόπαρξιι

233 1570 268 1632 66
295 1569 418 1673 μᾶλλον
439 1591 577 1676 φαμεν,
600 1591 655 1642 τας
677 1564 761 1651 ἐφ’
748 1566 878 1674 εκάτερα
901 1562 1147 1675 φυλαττόμενοι
1158 1564 1336 1649 ’ἐγκλίσεις

232 1656 287 1718 καί
308 1649 385 1755 μήτε
405 1648 580 1760 *ἀριστερά
601 1652 678 1736 μήτε
701 1651 804 1735 όεξιοί,
837 1651 947 1728 καθώς
969 1676 1065 1761 φησιν
1086 1647 1105 1731 6
1128 1646 1212 1736 οἰγια
1234 1650 1334 1737 γροφῆ,

232 1735 416 1846 παντόπμοι
439 1733 604 1842 ρέποντες,
627 1738 731 1822 φόβον
753 1735 967 1843 ροβοιῦμενοι,
990 1765 1026 1803 οι
1011 1728 1145 1802 πλέον
1167 1742 1335 1822 φοβεῖσθαι

234 1818 368 1889 οῦόέν
354 1845 421 1887 εστι
436 1821 690 1933 φοβερώτερον,
724 1822 835 1907 μήπως
863 1821 1083 1908 προϋπάρχειν
1113 1825 1264 1905 λέγοντες
1288 1826 1336 1887 τάν

234 1906 389 1992 σωμάτων
411 1907 465 1986 τάς
486 1906 608 2014 ψυχάς,
636 1914 689 1974 καί
713 1917 866 2016 τιμωρίας
888 1907 990 1973 ἕνεκεν
1011 1911 1071 1972 τῶν
1093 1912 1214 2019 ψυχῶν
1234 1908 1336 2017 ’ἔρει-

233 1997 352 2082 ρέσθαι
380 1992 417 2058 τά
447 1992 598 2103 στόματα,
630 1993 683 2059 διὰ
715 2021 769 2073 την
796 1997 1062 2078 προγεγενημένην
1084 1997 1148 2058 τῶν
1171 1991 1337 2107 ἆσοιμοτιιι

232 2085 362 2158 κακίαν,
386 2083 439 2184 της
460 2083 522 2144 τῶν
544 2078 713 2165 ὁρωμένων
736 2078 912 2184 ἐκπρεποῦς
932 2085 1185 2191 μεγαλουργίας,
1212 2074 1293 2146 δί’
1292 2075 1337 2158 ςό

232 2164 312 2241 θεός
340 2165 527 2273 γινώσκεται
557 2168 663 2273 σιωπῇ
690 2164 934 2274 κηρυττόμενος,
968 2162 1074 2230 αἰτίαν
1103 2164 1242 2243 εἰκότως
1268 2109 1338 2233 666

231 2249 332 2357 μόνην
352 2247 658 2357 *ῦποτιθέμεθα
626 2278 681 2331 την
701 2257 831 2333 κακίαν,
852 2248 989 2361 άιάχκην
1010 2249 1200 2334 ἐπάγουσαν
1220 2276 1264 2341 τιρ
1249 2254 1338 2319 ’θε’

233 2334 319 2442 παρρί
348 2333 557 2446 πρόθεσιν
538 2363 574 2417 ην
604 2332 661 2402 οῦκ
682 2334 872 2416 ἐῦόόκησεν
895 2333 1009 2402 οἰσίαν
1030 2276 1338 2443 όημιουργῆσαι,ῦ

232 2420 343 2531 τυχόν
358 2418 411 2486 ἀπ’
439 2419 537 2533 οἰρχῆς
567 2418 696 2488 0666
663 2448 719 2488 τον
740 2421 879 2528 λόγον”
859 2447 924 2508 εχει
947 2420 1011 2531 πρό
1033 2425 1096 2487 τῶν
1118 2422 1252 2490 αίιόνιον
1271 2422 1336 2509 μετά

233 2512 295 2572 τοῦν
321 2505 466 2616 οῦλλριν
447 2506 645 2620 απόκρυςοον.
699 2512 771 2573 Τοῦν
789 2505 852 2613 γάρ
875 2506 962 2617 παρὰ
984 2506 1149 2593 πρόθεσιν
1172 2514 1336 2621 γινομένων

232 2597 334 2677 λέγειν
361 2592 416 2659 τόν
444 2592 572 2659 θεόν
553 2618 638 2679 εχειν
666 2592 740 2669 τοῦς
766 2598 821 2673 τῆς
851 2590 1031 2703 οῦριιόσεως
1058 2594 1197 2701 λόγους,
1235 2594 1275 2662 οῦ
1289 2620 1335 2681 μοι

233 2682 327 2745 δοκεί
350 2683 479 2757 συνετῦς
506 2682 651 2755 διανοίας
679 2673 860 2761 εἰναι,καί
884 2676 1028 2756 όπωςοῦν
1049 2670 1084 2744 εἰ
1106 2686 1367 2790 συνησθημίιης

232 2768 315 2829 θεοῦ
341 2763 600 2870 μεγαλειότητος,
627 2769 685 2830 τοῦ
715 2729 877 2914 66660663
894 2770 946 2831 καί
942 2764 1075 2873 μόνον
1098 2761 1271 2875 ἀληθοῦς,
1293 2772 1335 2834 καί

231 2851 329 2931 μηδὲν
346 2847 477 2931 ἔχοντος
498 2847 644 2916 καθόλου
665 2849 744 2916 κατά
767 2850 839 2928 τοῦς
862 2849 894 2915 ἰν
916 2844 1000 2959 αῦτρῦ
1020 2850 1188 2933 προόντας
1210 2856 1273 2920 τῶν
1260 2846 1335 2919 όν·

232 2958 293 3040 τιρν
313 2932 469 3044 λόγους
449 2933 656 3043 πρόσφατον,
679 2963 733 3001 και
723 2936 890 3045 μάλιστα
909 2963 995 3041 παρα
1012 2934 1193 3045 πρόθεσιν.
1238 2934 1336 3005 Πάντα

228 3017 292 3105 γάρ
320 3044 404 3107 αυτῳ
433 3019 471 3085 τοί
500 3016 645 3098 όπωςοῦν
670 3019 770 3087 ’όντα
793 3019 812 3102 6
832 3020 1025 3107 γενησόμενα
1047 3021 1128 3087 κατά
1152 3024 1214 3105 τῆν
1237 3013 1362 3092 εἰσίοι

231 3108 466 3215 προτεθέληταί
485 3113 593 3173 τεκαὶ
586 3107 925 3228 προεννενόηται
876 3115 929 3173 καὶ
948 3110 1192 3217 προέγνωσται·
1216 3110 1335 3181 ἕκαστον

232 3194 266 3256 66
296 3186 358 3256 τῶν
388 3188 488 3257 όντων
517 3190 596 3258 κατά
619 3219 675 3258 τον
696 3190 852 3259 8εῦθετον
872 3200 925 3259 καί
949 3192 1130 3274 ἐπιτήδειον
1151 3224 1211 3263 και
1235 3198 1278 3265 όν·
1291 3192 1334 3265 οἰ-

232 3286 306 3343 οιοῖ
324 3283 377 3341 καὶ
395 3272 556 3383 ῦφίστηοι.
589 3277 740 3357 M666
702 3305 774 3389 γαρ
781 3279 834 3345 ότε
850 3307 880 3344 τι
898 3278 1176 3391 κατασκευάζοντα
1195 3310 1254 3351 τον
1269 3280 1336 3351 θεόν

233 3354 433 3470 όριῦμεν,’
396 3387 467 3428 τοτε
488 3369 542 3428 καί
564 3366 617 3443 τῆς
638 3370 711 3475 περὶ
735 3361 811 3430 αῦτό
835 3364 996 3471 θελήσεως
1017 3358 1142 3452 ἦρχθαι
1168 3368 1294 3448 ἰννοίας
1311 3392 1335 3433 τι

233 3532 300 3598 ἰστί
329 3536 423 3598 τοῦτο
451 3534 569 3618 μεστόν
598 3531 751 3618 οἰτοπίας,
779 3537 808 3601 εἰ
835 3536 915 3622 όπερ
939 3534 956 3603 6
979 3536 1058 3614 θεός
1076 3538 1095 3620 Ι
1103 3537 1138 3617 ἐξ
1156 3452 1339 3647 ῦαὲἤὲνιίἔῦ

232 3620 293 3683 τῶν
322 3617 445 3684 αἰώνων
473 3619 550 3702 μῆτε
581 3618 790 3701 ἰνενόησεν’“
771 3649 788 3701 η
800 3621 942 3731 ἔγημ’
924 3650 940 3702 η
971 3622 1124 3702 ἐθέλησεν
1158 3567 1246 3693 εἶναι
1292 3649 1335 3692 ιιι

231 3701 349 3783 νοήσας
370 3729 402 3769 τε
423 3711 477 3770 καί
499 3705 641 3786 θελήσας
661 3714 714 3773 καί
736 3707 844 3791 γνοῦς,
865 3705 886 3789 6
906 3706 1080 3793 μεταγνοός
1101 3710 1212 3779 εἰπεῖν
1230 3679 1335 3781 οἰκειό-

231 3813 339 3897 τερον,
362 3785 404 3866 οἰς
425 3790 523 3857 καλόν
546 3790 774 3868 ἰξετέλεσεν·’
768 3795 820 3858 ίνα
836 3792 883 3905 μὴ
905 3794 1029 3878 λέγω“
1009 3816 1061 3859 οτι
1084 3792 1230 3863 0666’
1188 3798 1284 3880 αυτὴν
1301 3788 1367 3871 άιΙ

230 3872 304 3951 τοῦς
331 3874 447 3979 λόγους
476 3882 719 3983 προηγουμένως
750 3876 806 3945 οῦκ
835 3880 918 3966 ἔχει,
946 3876 1095 3962 γινόσκει
1126 3880 1185 3963 τὴν
1208 3892 1333 3991 ποίησιν.

225 3957 323 4025 Ἀλλά
354 3958 457 4025 πάντα
486 3966 524 4054 τῆ
540 3962 697 4075 βουλήσει
727 3966 783 4031 τοῦ
811 3968 893 4031 θεοῦ
919 3970 1170 4071 προγνωστικιῦς
1193 3968 1272 4038 κατά
1291 3966 1334 4077 τρι

230 4042 363 4130 ἄπειρον
392 4042 489 4111 αἰτου
476 4031 688 4132 ”δόναμιν’
667 4054 717 4116 αεί
741 4054 950 4173 περιέχεσθαι
972 4050 1188 4139 πιστεύομεν,
1216 4053 1334 4141 μηόειίς

236 4169 511 4181 ..-.-,-,,,-,,
652 4144 669 4175 Q

301 4222 340 4273 17
359 4219 506 4288 παρθένου
524 4239 575 4273 om.
594 4197 636 4275 66.
656 4224 720 4277 Gall

298 4305 325 4356 1.
344 4300 430 4371 ἕτερον
453 4307 494 4360 ed.
515 4306 580 4358 Gall.
634 4310 658 4357 2.
684 4303 878 4374 προϋπάρχειν
903 4304 967 4362 τότε
987 4308 1196 4393 μεθυπάρχειν
1220 4311 1328 4369 61.th
1357 4262 1365 4407 6

230 4370 253 4422 θ.
272 4374 457 4440 μετεγκλίσεις
475 4377 516 4427 ed
537 4374 600 4428 Gall.
653 4379 677 4426 4.
702 4374 918 4446 ιίριστερρθμὴτε
936 4376 1012 4449 δεξιά
1029 4381 1073 4433 06.
1093 4382 1163 4435 Gall.
1360 4412 1366 4481 χ
