2752 4778
223 200 294 276 188

55 406 212 508 5525055301
224 390 301 462 Τοῦ
331 382 449 460 αὐτοῦ
478 384 534 457 ἐκ
548 388 617 456 τοῦ
648 377 953 477 σχεδιασθύντος
955 378 1050 478 πρὸς
1060 380 1222 478 Ευνομιι

56 511 212 552 manuni·-
272 489 406 610 λόγου,
442 489 491 569 εὶς
518 483 580 573 τό,
615 482 719 558 155
726 482 821 582 γάρ,
860 479 929 557 είοί
945 498 1046 568 τινες
1065 484 1105 559 οῦ
1109 513 1222 582 τηνι

56 557 212 613 τοιτρ..,.1ρ

55 576 210 715 35:55⁸&
195 616 211 655 1
272 586 500 699 κνηθόμενοι
521 585 584 662 καί
607 586 676 683 τὴν
700 593 884 688 γλωτταν.

57 718 101 759 '¹⁸⁵
329 724 436 785 Φασὶν
457 717 492 785 οἱ
512 723 587 802 περὶ
602 717 724 801 λόγους
743 717 977 829 έσγολακότες
972 718 1027 789 καὶ
1047 711 1111 830 τ’άςΙ
1112 713 1219 801 αύτρῦν

219 813 287 892 βεῖς
312 811 475 919 σημασίας
505 803 687 887 γινώσκειν,
726 809 816 882 κλέος
850 801 887 870 οῦ
916 803 955 889 τό
982 803 1086 890 τυγδν
1104 803 1222 887 ποιησιι

220 900 274 959 καί
307 892 438 998 ἑκάστῳ
461 889 624 996 πράγματι
653 892 805 1000 55555
789 891 976 994 πρόςηιορον
1003 886 1120 975 ’δεῖν
1099 916 1222 1000 απονεμ

58 1014 106 1055 τοι
121 1016 135 1054 ι
145 1009 213 1058 ιειε
220 975 457 1084 παραστατικῆν
478 982 530 1058 τῆς
551 975 634 1062 πρός
651 1002 760 1042 οτιουν
772 993 777 1063 5
791 977 889 1043 άλλου
907 1003 963 1050 του
954 976 1222 1090 σημάινομένου

221 1067 330 1136 όντινυ
352 1063 496 1175 τρόπον
507 1062 598 1155 τύχοι
631 1062 872 1148 λεγόμενον,’
851 1067 1003 1173 αμιγούς
1002 1058 1209 1176 ιδιοτητος,

220 1154 305 1240 ἔχειν
344 1148 604 1264 άποηηνάμενοι,
645 1148 861 1260 κνηθομένονς
900 1154 935 1217 δέ
970 1149 1026 1232 τὴν
1065 1147 1173 1232 άκοῆν
1189 1154 1222 1216 ιιι

219 1245 368 1326 γλῶσσαν
397 1263 478 1304 ειναι
509 1262 582 1312 τους
608 1233 796 1322 κοινότερόν
826 1262 855 1302 τι
882 1226 1112 1322 μανθάνειν*
1090 1265 1110 1319 η
1133 1239 1222 1321 λέγειν

220 1335 349 1408 λονιας,
376 1330 429 1391 καὶ
459 1318 509 1388 άεὶ
539 1333 608 1398 ταῖς
633 1330 855 1432 καινοτομίαις
870 1329 1077 1436 χαίροντας,
1099 1330 1154 1395 καὶ
1176 1323 1222 1424 όρι

221 1414 463 1496 τατιθεμένους,
491 1411 657 1514 γραφικῶς
678 1411 797 1494 εἰπεῖν,
826 1438 845 1475 α
830 1407 1045 1476 έθεντο
1010 1437 1042 1477 οι
1063 1413 1222 1505 πατέριζε

221 1505 275 1567 καὶ
297 1510 366 1574 τοῖς
387 1494 586 1583 προςφάτοις
606 1501 661 1561 καὶ
684 1499 786 1573 ξένοις
807 1493 1018 1584 ἡδομένους,
1024 1503 1078 1563 καλ
1101 1522 1163 1581 των
1183 1522 1222 1564 σι

220 1592 275 1653 καὶ
297 1583 396 1649 πάλαι
418 1589 585 1692 γνωρίμων
607 1588 661 1649 καὶ
683 1575 827 1661 άιςαύτως
847 1583 985 1669 ἐχόντων
1006 1580 1050 1660 άις
1070 1574 1181 1650 ἑάλων
1196 1592 1222 1650 ιιι

221 1681 407 1775 παιομένων
423 1695 475 1734 και
466 1666 629 1752 μηδενός
645 1665 761 1753 άξίων,
781 1672 1119 1781 κατεξανισταμένοις,
1139 1676 1222 1757 καὶμ

222 1756 259 1823 τά
290 1754 467 1840 νεαράτερα
496 1755 811 1866 προςδεχομένους’
791 1762 976 1838 α’σπασίως,
1004 1754 1064 1822 κάν
1084 1760 1219 1841 ψευδῆτ

215 1842 315 1956 t5515,
337 1847 390 1909 καὶ
411 1843 618 1947 μηδεμίαν
589 1867 635 1919 εις
656 1840 761 1952 ψυχῆν
784 1846 1014 1926 διαβαίνουσαν
1030 1836 1222 1928 άφὲλειανέ

215 1921 370 2042 ‘5555
351 1955 387 2010 ης
419 1926 565 2033 μάλιστα
589 1934 652 2004 πᾶς
680 1927 809 2013 εύσεδὴς
837 1928 934 2013 λόγος
964 1934 1018 1995 καί
1047 1929 1149 2007 πόνος
1177 1954 1220 1998 σω

221 2015 333 2084 άδεταί
359 2040 391 2080 τε
419 2019 473 2081 καὶ
502 2013 658 2098 γράφεται
688 2021 742 2080 καὶ
772 2014 1005 2098 ἐπιτηδεύεται,
1042 2012 1060 2080 5
1088 2021 1215 2128 μέν
1177 2025 1222 2083 και

220 2101 393 2214 άγιωσίας,
417 2097 434 2167 5
460 2103 494 2165 δὲ
517 2099 597 2165 κατὰ
620 2104 673 2181 τῆς
694 2097 807 2182 ἡδονῆς
829 2099 1054 2212 όπλιζόμενος,
1083 2127 1100 2168 ο
1123 2129 1183 2187 μεν
1203 2130 1222 2168 ιι

135 2254 140 2263 ,
219 2187 389 2278 άγνοίυς
375 2182 513 2296 εκτεμιδν
540 2185 579 2252 τά
607 2187 782 2298 πηρηίματα
811 2193 864 2269 τῆς
890 2193 994 2298 ψυχῆς
1015 2187 1165 2294 οίκειάση
1187 2194 1222 2256 θι

219 2276 363 2362 γιάσεως
392 2273 448 2354 τῆν
478 2268 683 2353 άλῆθειανν
664 2299 824 2384 εχοντας,
844 2275 917 2352 τούς
943 2273 995 2340 διά
1008 2278 1116 2365 τοῦτο
1139 2286 1203 2354 τοίς

219 2388 300 2472 μασι
329 2366 517 2470 χαίροντας,
545 2366 599 2425 καὶ
625 2365 687 2425 τῶν
715 2357 884 2447 δρωμένων
906 2387 938 2428 τε
959 2358 1014 2427 καί
1024 2358 1216 2471 νοουμένων

222 2450 287 2516 άιω
321 2448 378 2514 τόν
410 2451 486 2512 νοῦν
521 2450 740 2558 παραπέμψας
778 2451 876 2534 θέλξη
916 2453 961 2535 τῷ
995 2443 1122 2536 άρρἤτῳ
1155 2453 1209 2530 τῆς

222 2537 408 2614 καλλονῆς
396 2559 507 2619 ιρωτι,
536 2541 589 2598 καὶ
611 2532 798 2620 προςηλάση
815 2539 866 2622 τῷ
886 2513 983 2644 πόθῳ
1004 2512 1155 2619 μηδαμοῦ
1174 2538 1222 2645 φύς

223 2621 420 2729 δυνάμειον,
443 2623 567 2703 μάλλον
596 2624 631 2686 δέ
659 2625 832 2701 δυνηθῆναι
860 2621 903 2707 μί]
917 2617 1146 2730 άνεχόμενον·
1183 2619 1202 2688 5

223 2713 276 2789 τῆς
303 2703 378 2774 καθ’
407 2702 521 2811 550555
542 2710 681 2792 σχέσεως
702 2706 776 2786 τούς
799 2707 928 2788 ἥλους
914 2707 1125 2817 ικκρούσηται
1148 2701 1222 2788 οἷς

120 2818 124 2826 ·
223 2791 304 2862 θεόν
331 2796 384 2871 τῆς
413 2796 518 2900 ψηχῆς
542 2793 652 2870 πόθος
679 2820 712 2869 τε
739 2799 794 2859 καὶ
817 2793 917 2871 τόνος
940 2795 974 2861 ἐκ
995 2798 1050 2874 τῆς
1070 2791 1209 2885 άρχαίας

223 2885 299 2960 κοῆς
319 2876 402 2964 πρός
423 2875 478 2958 τῆν
499 2879 612 2958 ύλην
598 2881 732 2990 ενεπάγη
755 2879 869 2946 καὶτὰ
886 2879 1132 2992 φθειρόμενα,
1147 2889 1219 2967 καὶ

221 2966 300 3075 λάξη
323 2972 436 3043 κακίας
456 2961 530 3041 τοῦς
552 2965 814 3072 1ένεσγημένους,
843 2973 898 3033 καὶ
908 2964 1031 3074 άρετῆς
1050 2961 1212 3057 ποιῆσειε·

224 3053 278 3130 τός
299 3058 463 3161 γνησίους,
492 3058 547 3117 καὶ
569 3050 722 3135 άσειστον
742 3050 826 3137 πρός
841 3051 944 3119 πάντα
966 3051 1004 3117 τά
1026 3051 1161 3120 κωλύειν
1178 3046 1221 3122 δυ

224 3144 277 3221 τῆς
296 3143 399 3247 ψυχης
420 3138 475 3217 τὴν
495 3136 579 3222 πρός
596 3139 632 3205 τό
652 3137 750 3206 καλόν
769 3139 932 3206 οίκείωσιν
949 3136 1185 3251 ἀπεργάσηται,
1208 3145 1222 3233 5

60 3243 109 3284 σοι
125 3226 305 3339 r1ss2n.555g
336 3231 395 3309 μέν
424 3221 634 3328 όποστροφῆν
661 3223 790 3308 ἡδονῆς,
817 3227 822 3307 Ι
852 3223 905 3290 διά
934 3229 996 3291 τῶν
1024 3223 1096 3337 ἔην’
1105 3224 1183 3313 ἧμῖν
1209 3225 1223 3293 5

223 3311 390 3392 άπατηλῶς
411 3310 583 3390 σαινούσης
605 3318 658 3377 καὶ
679 3305 909 3419 μαλασσοόοης
926 3339 974 3378 το
953 3309 1173 3402 στερρδν’“”
1134 3328 1222 3422 τηςγ

223 3407 277 3467 και
299 3396 478 3477 πειθούσης
499 3404 736 3481 προαιρεῖσθαι
759 3395 797 3463 τά
819 3397 989 3489 παρόντα
987 3402 1049 3464 τῶν
1046 3400 1222 3509 μελλόντω

224 3484 261 3552 τά
293 3484 439 3594 δράμειο
461 3488 523 3548 τάν
544 3489 738 3604 νοουμένων,
766 3485 965 3596 ἐγκράτειαν,
992 3484 1077 3570 πρός
1082 3490 1134 3552 δὲ
1114 3486 1222 3598 ,5⁰5

224 3577 345 3647 δειλίας
371 3567 550 3682 άπόθεσιν,
578 3568 642 3635 ’δι’
672 3569 775 3638 αύτάν
797 3570 855 3639 οῦκ
877 3569 925 3657 ἐφ’
949 3568 1023 3656 ἡμῖν
1044 3572 1082 3638 τά
1105 3569 1222 3685 άνηκεσ

223 3656 428 3742 άνθρωπίνης
460 3649 541 3721 εἶναι
576 3660 732 3724 δοκοῦντα
764 3664 928 3747 κρείττονα
957 3657 1162 3742 δυνάμεως’
1146 3686 1222 3728 υποι

223 3771 300 3828 νων,
337 3749 391 3808 καὶ
422 3749 479 3829 βίη
510 3755 637 3826 κρατεῖν
666 3744 719 3810 διά
748 3749 802 3825 τῆς
827 3750 889 3811 τῶν
916 3745 1104 3854 φοβερῶν’
1090 3771 1222 3833 επαγωγ

224 3829 396 3917 σιόφρονος
416 3833 575 3912 λογισμοῦ
594 3836 854 3943 μηγοινωμένων,
875 3829 1072 3937 ύπομονῆν
1060 3839 1116 3899 καὶ
1138 3835 1195 3915 τὴν
1216 3862 1222 3900 ι

223 3942 286 3982 των
261 3920 593 4028 συμπληρουμέγην
622 3923 802 4029 ανδρείαν,
819 3944 875 3998 την
901 3916 984 4029 πρός
1005 3922 1113 3985 πάσαν
1139 3919 1222 4001 ἦδον

225 3999 273 4089 55
301 4028 377 4082 ημιν
404 4008 457 4068 καί
487 4002 601 4083 οδῦνην
623 4009 685 4070 τάν
709 4003 765 4071 οῦκ
788 4001 842 4114 ἐφ’
862 4001 935 4089 ἡμῖν
957 4002 1128 4073 άνένδοτον
1150 4013 1205 4074 καὶ

224 4115 280 4156 τον
308 4088 395 4166 έξινῐ
438 4091 668 4192 Κνηθομένους
690 4095 725 4158 δέ
746 4090 816 4200 τόν
823 4087 920 4170 άκοὴν
942 4092 1071 4172 κοίτην
1093 4098 1222 4178 γλῶσσα

225 4172 357 4243 λεσεν
339 4202 357 4243 ο
383 4170 577 4253 διδάσκαλος
598 4177 673 4254 τούς
693 4175 768 4263 πέρὶ
791 4168 835 4243 ὧν
858 4174 1008 4262 όλόγος,
1036 4178 1145 4261 ἐπειδὴ
1164 4185 1222 4271 πός

232 4317 509 4332 ψ

296 4389 319 4438 1.
339 4383 537 4456 δνισχημίνοτς
554 4388 612 4443 cod.
634 4388 701 4442 Gud.
