2752 4778
1073 184 1147 259 266

31 375 97 454 Ex
118 374 253 452 ecdem
275 392 461 461 sermone,
494 369 533 442 in
554 367 671 460 illud,
703 366 815 461 ‚Puer
837 370 943 443 nobis
966 380 1149 448 natusest

71 480 191 555 'fflius
220 483 259 548 et
284 474 392 548 datus
420 482 476 547 est
502 471 626 563 nobis,
662 473 768 546 cuius
789 474 1014 572 principatus
1037 500 1148 574 super

87 582 289 658 humerum
312 578 410 667 eius;
439 600 523 650 cum
547 599 654 649 cruce
678 576 777 649 enim
804 576 1019 650 extollitur!

48 744 54 749 .
145 698 238 759 Plane
266 711 321 771 per
342 709 516 754 sermonem
539 694 708 752 sententiae
730 692 822 769 priori
843 694 1016 772 adiungens
1039 712 1150 758 secun-

31 786 112 865 dum
134 785 269 846 ordinem
291 780 366 841 illud
388 779 426 839 de
444 777 591 838 Sermone
614 778 728 840 dictum
751 778 833 854 quod
851 797 981 858 magnus
999 783 1149 860 propheta

34 870 149 935 Esaias
177 871 216 931 de
239 865 386 928 Sermone
416 867 467 941 qui
497 881 568 927 caro
596 865 696 926 iactus
726 872 774 926 est
794 867 923 943 profert,
955 871 1081 945 mystice
1104 871 1150 930 di-

32 974 130 1035 cens,
159 956 267 1031 ‚Cuius
289 954 477 1030 principatus
501 967 594 1029 super
614 951 776 1012 humerum
800 955 893 1024 eius‘,
915 957 1093 1033 perspicue,
1116 963 1149 1018 ut

33 1044 133 1116 solet,
155 1043 205 1105 bic
228 1056 360 1118 magnus
383 1040 543 1115 magister,
568 1040 692 1112 quinam
714 1040 899 1115 principatus
923 1041 1149 1121 intellegendus

33 1136 125 1193 esset
152 1128 311 1204 explicuit,
334 1126 469 1195 dicens,
513 1124 603 1199 ,Cum
634 1141 725 1184 cruce
756 1127 835 1186 enim
865 1127 1043 1197 extollitur‘,
1087 1127 1147 1189 Sed
1205 1167 1208 1173 -

31 1234 108 1281 cnm
131 1216 243 1277 multas
267 1229 343 1273 crux
366 1212 453 1271 nobis
477 1212 681 1288 cogitantibus
706 1213 978 1287 contemplationes
1000 1215 1148 1287 admittat,

32 1304 165 1383 dignum
188 1316 300 1379 operae
325 1300 452 1375 pretium
476 1299 532 1357 erit
554 1311 700 1371 quaerere
726 1314 786 1373 qua
809 1300 1029 1376 significatione
1052 1304 1149 1378 magi-

34 1396 103 1453 ster
125 1391 156 1449 in
176 1387 332 1464 praesenti
348 1389 474 1445 'crucem
498 1384 699 1460 principatum
729 1385 849 1447 dixerit.
904 1387 1150 1461 Contemplemur

33 1478 122 1541 enim
157 1489 280 1535 crucem
310 1471 480 1532 secundum
507 1469 651 1544 formam,
689 1472 858 1532 secundum
887 1475 1148 1550 compositionem,

33 1560 212 1625 secundum
233 1560 372 1636 partium,
387 1557 620 1634 proprietatem,
649 1557 818 1620 secundum
842 1561 1010 1634 actionem,
1040 1578 1150 1622 secun-

33 1650 110 1711 dum
133 1646 210 1722 alias
233 1645 345 1705 multas
369 1643 588 1720 cogitationum
610 1645 760 1715 rationes,
791 1660 868 1721 quas
891 1647 941 1720 qui
963 1663 1013 1707 res
1031 1648 1149 1709 divinas

34 1740 181 1813 spectare
213 1736 319 1793 amant
352 1731 506 1806 percipere
540 1736 679 1806 possunt.
739 1735 838 1807 Atque
867 1735 997 1808 primurn
1026 1735 1149 1810 quidem

35 1820 212 1895 mundum
239 1819 382 1887 formam,
418 1816 465 1874 vel
495 1823 528 1875 ut
555 1832 624 1876 cum
656 1834 730 1878 crux
760 1823 943 1894 potestatem
974 1836 1053 1895 quae
1082 1823 1150 1881 uni-

34 1923 146 1983 versa,
174 1911 236 1967 tam
264 1919 343 1980 quae
366 1918 460 1979 supra
484 1917 575 1977 quam
599 1919 679 1977 quae
701 1905 779 1963 infra
801 1911 832 1964 et
854 1920 933 1979 quae
957 1907 997 1966 ad
1018 1913 1150 1983 utraque

33 1996 137 2063 latera
158 1993 223 2053 suis
247 2005 386 2068 quaeqae
415 1989 551 2050 terminis
581 1990 811 2065 comprehendit
838 1993 1003 2069 significat:
1039 2010 1150 2054 secun-

33 2082 112 2145 dnm
141 2078 390 2156 compositionem
420 2092 510 2150 vero,
545 2075 628 2134 velut
656 2093 725 2137 curn
749 2079 912 2138 essentiam
937 2083 967 2138 et
990 2080 1152 2154 providen-

32 2168 111 2229 tiam
140 2171 171 2227 et
198 2162 362 2233 iudicium,
397 2162 428 2222 id
457 2166 505 2222 est
527 2160 790 2223 manifestationes
814 2179 936 2237 earum,
965 2167 1148 2240 sapientiam

33 2256 163 2331 inquam
199 2256 229 2313 et
265 2249 469 2327 cognitionem
503 2254 533 2307 et
561 2249 701 2309 virtutem
731 2251 891 2325 potestatis
919 2252 1149 2313 universitatem

34 2339 226 2407 moderantis
249 2337 393 2407 denotat,
423 2336 589 2396 essentiam
606 2335 727 2411 quidem
747 2342 778 2397 et
795 2337 976 2412 sapientiam
995 2342 1030 2398 ut
1048 2337 1155 2399 taetri·-

33 2442 106 2489 cem
142 2441 197 2503 per
233 2429 364 2484 erectam
398 2422 525 2496 lineam,
566 2423 785 2496 providentiam
819 2429 849 2483 et
882 2425 1085 2500 cognitionem
1118 2430 1149 2485 ut

34 2511 291 2575 conservatricem
314 2526 368 2585 per
390 2508 617 2584 obliquitatem,
640 2508 782 2571 iudicium
807 2510 938 2585 denique
959 2517 988 2570 et
1007 2512 1148 2572 virtutem

33 2605 70 2661 ut
91 2598 249 2677 pravitatis
272 2603 303 2657 et
324 2597 477 2670 nequitiae
501 2597 769 2671 expugnatricem,
803 2611 881 2672 quae
904 2613 942 2656 ea
965 2612 1044 2672 quac
1067 2597 1149 2659 iacta

35 2692 68 2748 et
98 2689 281 2747 conservata
310 2686 382 2741 sunt
406 2681 443 2742 ad
467 2683 604 2757 ipsorum
626 2683 805 2758 principium
829 2689 921 2758 etque
944 2699 1070 2744 causam
1094 2685 1149 2745 ad-

35 2773 184 2851 stringat,
218 2787 271 2847 per
300 2774 411 2829 toturn:
453 2767 623 2828 secundum
652 2771 783 2845 partium
811 2771 1042 2846 proprietatem,
1079 2788 1147 2833 cum

33 2874 91 2936 per
120 2861 251 2921 erectam
281 2854 402 2932 quidem
431 2855 541 2914 lineam
570 2854 677 2929 deum,
712 2857 763 2931 qni
792 2873 913 2933 semper
942 2859 999 2917 sibi
1029 2863 1149 2919 constat

33 2944 221 3022 propriaque
256 2943 411 3003 soliditate
446 2956 602 3015 nunquam
638 2943 764 3012 excidit,
799 2949 922 3019 propter
950 2945 1089 3004 stabilem
1119 2953 1150 3005 et

33 3029 244 3093 inmutabilem
273 3029 521 3102 collocationem,
554 3041 609 3102 per
636 3028 844 3104 obliquitatem
876 3046 946 3089 vero
977 3036 1070 3090 totam
1101 3032 1147 3091 dei

35 3116 242 3181 conditionem
266 3117 378 3190 ubique
400 3128 584 3190 suspensam
608 3130 683 3173 crux
706 3115 874 3191 significat,
904 3131 982 3191 quae
1005 3117 1064 3176 alia
1084 3119 1148 3176 exi-

35 3206 168 3267 stentiae
197 3203 342 3278 principia
371 3208 424 3263 aut
453 3200 684 3262 tundamentum
714 3206 800 3261 extra
828 3202 919 3260 deum
948 3218 1010 3261 non
1038 3201 1146 3261 babet:

34 3289 207 3355 secundum
242 3290 393 3350 actionem
428 3289 574 3363 denique,
612 3304 681 3347 curn
716 3304 822 3347 eorum
856 3290 906 3363 qui
934 3289 1016 3347 cruci
1046 3287 1147 3349 suffixi

35 3382 110 3440 snut
138 3377 357 3437 inactivitatem
387 3381 418 3434 et
446 3373 707 3435 mortificationem
740 3375 881 3449 denotat,
922 3390 982 3450 qno
1012 3381 1148 3436 contem-

32 3463 179 3541 plationis
216 3461 323 3535 modo,
360 3463 407 3522 uti
441 3459 513 3519 mibi
550 3459 684 3534 videtur,
703 3461 887 3539 prophetae
924 3476 1004 3519 nunc
1033 3460 1145 3522 dictum

33 3551 182 3629 magister
209 3550 336 3624 excepit.
394 3546 657 3620 Quemadmodum
686 3548 777 3623 igitur
799 3548 1042 3622 uniuscuiusque
1064 3548 1147 3622 prin-

33 3638 154 3715 clpatus
184 3634 337 3712 (convenit
367 3636 446 3694 enirn
477 3634 515 3693 de
541 3635 653 3695 nostris
676 3634 768 3694 rebus
792 3639 895 3709 petere
918 3633 1060 3709 exempla
1082 3635 1148 3708 qui-

34 3727 94 3785 bns
124 3723 284 3784 veritatem
314 3737 414 3781 rerum
445 3736 649 3796 supernarum
679 3719 857 3800 probemus)
894 3720 1043 3795 quaedam
1075 3726 1148 3779 sunt.

33 3809 169 3887 insignia
198 3809 308 3884 quibus
338 3809 387 3882 qui
417 3808 570 3882 accipiunt
600 3806 741 3866 omnibus
771 3812 938 3866 noscantur
967 3805 1048 3881 quod
1071 3806 1149 3866 alter

34 3895 158 3971 quidem
188 3911 270 3956 nunc
300 3894 337 3954 ab
367 3911 441 3971 rege
463 3898 566 3953 teneat
591 3893 821 3969 magistratum,
852 3894 894 3952 nti
917 3892 1051 3968 praesidi
1076 3898 1148 3952 sunt

33 3998 114 4059 qnos
144 3983 274 4043 dicimus
303 3981 449 4053 codicilli,
480 3979 558 4040 alter
581 3995 652 4039 vero
673 3978 775 4053 illum,
809 3980 853 4039 uti
876 3979 1023 4053 duciano,
1056 3994 1146 4053 quem

32 4070 182 4141 dicimus,
211 4066 333 4147 gladius
363 4067 486 4144 insigne
515 4070 578 4137 est,
610 4071 702 4139 atque
731 4065 798 4126 aliis
827 4065 886 4124 alia
909 4069 981 4125 sunt
1002 4066 1144 4142 insignia,

33 4171 116 4232 qnae
143 4155 202 4230 ipsi
230 4155 268 4213 ab
298 4169 373 4230 rege
400 4154 553 4227 accipiunt
581 4151 770 4227 propriisque
795 4152 936 4212 manibus
960 4152 1144 4225 praeterunt,

105 4310 131 4363 2.
155 4307 194 4361 Cl.
215 4307 276 4358 God.
296 4305 395 4358 Theod.
416 4305 471 4365 Vll,
489 4306 514 4365 4,
534 4303 575 4357 30.
596 4304 628 4353 de
647 4317 717 4367 erog.
737 4305 789 4354 mil.
810 4317 912 4354 arrnon..
933 4303 991 4361 XV,
1009 4304 1051 4364 ll,
1066 4304 1090 4353 2.
1112 4303 1144 4352 de

33 4387 118 4433 venat.
139 4377 226 4438 faran,
245 4375 388 4439 x1,rb‚1.
410 4374 441 4424 de
462 4373 588 4437 quadrim.
609 4374 679 4423 brev.
