2768 4784
1060 232 1132 308 325

12 435 77 476 vos
102 416 219 476 crimen
242 417 306 477 iure
328 419 468 478 incurret.
513 417 550 477 Ει
574 418 644 492 quid
668 418 865 479 Manichaeos
888 424 918 480 et
935 420 1134 496 antiquiores,

16 505 45 562 si
70 505 116 562 ita
140 509 202 579 εει,
227 505 411 564 aversamini
432 503 620 579 haereticos,
644 511 765 581 propter
786 505 867 566 hanc
885 506 1017 583 quodam
1031 507 1134 583 modo,

16 594 49 650 et
79 591 205 650 unicam
234 606 360 651 causum
389 591 449 652 duo
476 592 625 667 principia
647 593 869 654 substituentes
892 593 1045 668 deumque
1066 595 1135 654 uni·

16 693 186 737 versarum
216 693 315 738 rerum
339 679 543 754 abnegantes,
576 684 740 754 postquam
763 695 821 740 vos
844 681 927 755 ipsos
950 680 1031 740 idem
1054 682 1136 756 quod

17 763 81 838 illi,
114 764 173 824 etsi
201 779 262 823 non
289 780 345 839 per
373 765 496 838 eadem,
533 769 668 824 statuere
696 759 965 841 deprehendistis?
1019 767 1135 840 Quodsi

19 849 207 925 hacpropter
246 852 417 910 coexistere
451 865 507 924 per
544 853 776 927 conceptionem
812 869 881 913 cum
912 869 1039 927 corpore
1068 855 1135 914 ani-

18 951 105 995 mam
133 937 313 996 rationalem
342 942 372 996 et
398 935 633 997 intellectualem
662 937 788 1013 pudoris
818 945 901 999 metu
930 939 1032 1000 dicere
1054 941 1135 1000 reiu-

15 1023 110 1100 gitis,
147 1038 187 1082 ne
223 1029 294 1099 post
330 1023 535 1099 quadraginta
569 1024 691 1098 quidem
721 1024 803 1099 dies,
842 1041 898 1084 nec
926 1031 997 1100 post
1023 1043 1134 1086 novem

14 1108 214 1187 graviditatis
242 1125 384 1183 menses,
417 1125 473 1170 nec
501 1116 572 1183 post
598 1112 697 1186 ipsam
727 1116 833 1186 partus
856 1111 1035 1186 editionem,
1063 1119 1134 1173 ante

16 1194 227 1273 quadraginta
255 1198 444 1274 purgationis
468 1195 532 1255 dies
556 1203 675 1272 partum
702 1196 817 1257 habere
839 1197 1019 1257 rationalem
1042 1204 1134 1272 atque

14 1282 259 1343 intellectualem
282 1285 414 1342 animam
438 1283 537 1342 dicere
560 1284 720 1343 audebitis.
766 1282 848 1344 Intra
872 1283 931 1344 hoc
954 1286 1034 1343 enim
1057 1291 1133 1346 tem·

14 1385 80 1443 pus
110 1369 150 1428 ad
179 1368 228 1428 dci
256 1370 400 1445 templum
430 1369 578 1429 accedere
607 1370 716 1428 intanti
745 1369 912 1444 nonlicet,
944 1373 1053 1447 quippe
1076 1373 1133 1430 im·

12 1471 98 1530 puro
127 1455 297 1515 secundum
328 1457 406 1531 legis
436 1458 634 1515 sanctionem.
694 1456 736 1515 lta
764 1456 914 1531 reliquum
937 1463 983 1517 est
1005 1463 1039 1518 ut
1060 1463 1132 1518 ante

12 1540 87 1602 dies
120 1543 308 1619 purgationis
342 1543 509 1617 completos
538 1548 646 1617 parius
675 1559 730 1602 nec
760 1542 941 1604 rationalem
964 1560 1022 1604 nec
1042 1545 1132 1605 intel·

12 1627 185 1688 lectualem
209 1629 341 1688 animam
365 1628 480 1688 habere
503 1630 672 1689 secundum
696 1631 969 1706 argumentationis
990 1631 1133 1706 probabi-

10 1713 137 1775 litatem
165 1715 294 1790 putetis,
331 1714 403 1789 sed,
438 1720 473 1773 ut
499 1716 592 1789 paulo
623 1722 714 1775 antea
742 1716 821 1787 dixi,
855 1716 969 1776 habere
998 1718 1132 1778 animam

10 1801 163 1877 plantae,
198 1808 251 1861 aut
278 1801 460 1861 irrationalis
490 1802 630 1861 animalis
659 1801 786 1862 alicuius
815 1802 852 1861 de
876 1819 1003 1864 numero
1025 1820 1132 1864 eorum

10 1903 99 1964 quae
141 1902 241 1947 rerum
276 1893 388 1947 natura
423 1887 661 1964 comprehendit.
720 1888 897 1949 Cuiusmodi
926 1891 1076 1965 opinionis
1105 1893 1132 1950 si

10 1975 96 2034 torte
125 1973 198 2034 inde
226 1974 420 2034 occasionem
450 1976 624 2050 sumpsistis
654 1974 734 2049 quod
755 1990 887 2051 magnus
910 1974 1033 2051 Moyses
1056 1979 1131 2035 scri-

10 2062 79 2137 psit
109 2061 149 2119 ab
177 2075 215 2119 eo
242 2076 359 2135 poenas
383 2078 443 2119 non
467 2077 538 2120 esse
560 2060 744 2136 repetendas
768 2063 819 2136 qui
842 2061 1000 2138 gravidam
1022 2062 1130 2122 mulie-

10 2164 81 2208 rem
113 2145 305 2224 cecidisset,
321 2153 390 2207 ante
414 2146 616 2223 quadraginta
639 2147 704 2206 dies
728 2147 754 2205 si
775 2153 897 2223 propter
918 2147 1043 2224 plagam
1066 2165 1131 2208 em-

10 2236 116 2311 bryon
145 2233 176 2291 in
203 2233 302 2293 lucem
333 2233 453 2308 ederet,
488 2233 646 2293 sciendum
677 2238 724 2293 est
752 2233 834 2306 quod
862 2234 985 2308 sapiens
1007 2233 1131 2311 Moyses

10 2337 80 2382 non
106 2319 263 2379 rationalis
285 2320 324 2378 ibi
348 2322 470 2380 animae
490 2322 520 2379 in
545 2337 656 2396 corpus
678 2321 868 2397 ingressum,
893 2319 949 2378 sed
967 2321 1131 2395 perlectam

10 2408 78 2468 sati
108 2405 319 2483 figurationem
350 2406 468 2466 absolvi
489 2409 568 2467 intra
590 2407 619 2466 id
641 2412 763 2484 tempus
786 2406 980 2484 significans,
1010 2408 1131 2467 interim

10 2495 42 2553 in
68 2492 158 2553 hunc
180 2509 307 2552 sensum
329 2493 410 2553 haec
432 2495 596 2570 scripserit.
649 2493 697 2552 Ad
720 2492 798 2553 haec
820 2509 891 2552 vero
915 2494 1016 2552 omnia
1037 2493 1130 2554 talem

11 2579 180 2641 admittere
209 2581 393 2640 sententiam
423 2580 603 2655 reformido,
634 2595 673 2638 ne
703 2594 763 2654 qua
785 2580 935 2639 sermonis
959 2581 1038 2640 serie
1060 2597 1130 2657 pro-

11 2667 135 2728 cedens
159 2666 233 2726 ordo
256 2665 477 2726 horrendorum
500 2683 548 2725 me
571 2667 728 2726 criminum
752 2668 815 2725 iure
838 2665 1005 2727 obnoxium
1027 2667 1128 2742 iaciat,

13 2747 122 2829 quoad
149 2768 188 2810 ex
215 2752 429 2828 disputationis
456 2754 677 2830 consequentia
700 2769 748 2812 me
771 2753 871 2812 dicere
894 2769 1009 2830 cogens
1032 2754 1130 2816 domi-

13 2856 92 2901 num
124 2843 261 2899 nostrum
291 2855 327 2897 ac
357 2840 463 2914 deum,
500 2839 580 2912 quod
610 2839 725 2900 dixisse
754 2840 841 2900 nefas
874 2845 936 2914 cst,
978 2841 1129 2915 siquidem

16 2942 89 2987 vere
119 2924 158 2985 ad
189 2941 247 2985 nos
276 2924 369 2984 homo
390 2926 454 2985 lieri
476 2925 621 3002 dignatus
645 2933 707 2997 εει,
738 2926 856 3001 peccati
879 2931 982 2985 tamen
1007 2944 1128 3004 expers,

17 3010 76 3073 hoc
99 3016 148 3072 cst
170 3012 284 3070 dixisse
306 3027 376 3071 eum
400 3012 437 3072 de
460 3013 656 3087 conceptione
679 3014 879 3071 inanimatum
897 3018 928 3072 et
946 3019 1049 3073 mente
1068 3032 1128 3075 non

19 3098 188 3173 praeditum
219 3098 372 3158 hominem
402 3097 539 3157 effectum
568 3098 678 3169 tuisse,
709 3104 739 3157 et
763 3114 816 3174 per
839 3098 1042 3174 quadraginta
1064 3098 1129 3160 dies

22 3184 77 3247 hoc
100 3189 185 3244 statu
206 3199 436 3259 perseverasse,
460 3201 530 3244 cum
553 3186 652 3244 saircti
673 3189 776 3260 patres
797 3185 892 3243 nostri
913 3189 1006 3257 atque
1024 3184 1129 3244 docto·

20 3286 65 3332 res
94 3271 207 3330 diserte
236 3271 442 3341 conclament,
476 3273 568 3330 immo
596 3272 664 3346 ipsa
691 3287 745 3346 per
774 3287 827 3330 eos
858 3272 970 3328 veritas
1000 3270 1128 3331 affirmet

20 3363 46 3417 et
74 3357 259 3431 affirmetur,
291 3357 382 3416 simul
405 3375 472 3417 cum
495 3357 544 3415 dei
567 3359 649 3416 verbi
672 3374 727 3433 per
748 3357 976 3431 conceptionem
1000 3356 1128 3418 descen-

21 3445 104 3504 sione
135 3446 237 3504 statim
265 3447 295 3502 ει
317 3444 401 3503 nullo
423 3452 559 3518 ternpore
579 3445 739 3504 interiecto
762 3460 818 3519 per
842 3443 972 3502 mediam
996 3446 1128 3506 animam

19 3530 198 3590 rationalem
236 3529 391 3589 dominum
427 3532 528 3607 ipsum
565 3536 595 3590 ει
631 3530 721 3590 deum
756 3529 888 3590 Verbum
927 3545 995 3588 cum
1035 3547 1128 3590 carne

19 3617 135 3690 coisse,
173 3633 235 3677 non
264 3633 337 3676 vero
368 3632 423 3691 per
451 3616 582 3677 mediam
612 3633 734 3676 carnem
763 3618 963 3676 inanimatam
993 3619 1126 3677 animam

17 3703 196 3764 rationalem
227 3705 423 3763 accedentem
454 3705 625 3778 recepisse,
661 3709 692 3762 et
722 3718 782 3760 non
814 3703 1013 3764 inanimatum
1041 3719 1126 3778 pror-

18 3806 71 3850 sus
110 3807 221 3865 corpus
259 3795 312 3850 aut
345 3790 454 3849 mentis
494 3793 648 3864 expertem
687 3789 952 3862 irrationalemque
992 3791 1125 3850 animam

16 3876 198 3952 adoptasse,
228 3876 285 3935 sed
314 3876 478 3951 perlectam
506 3874 597 3949 plene
625 3881 763 3936 naturam
794 3891 832 3933 ex
861 3877 963 3935 anima
986 3876 1126 3935 rationali

17 3962 108 4023 simul
139 3967 169 4022 et
197 3978 323 4038 corpore
345 3965 563 4023 consistentem
588 3962 708 4021 sibimet
730 3960 900 4022 secundum
923 3962 1125 4021 substantiam

16 4047 158 4110 ineffabili
194 4050 326 4124 quodam
362 4049 451 4108 modo
485 4047 689 4107 coadunasse.
757 4046 959 4119 Quamobrem
992 4049 1126 4108 maxime

16 4135 176 4212 amplexor
214 4137 434 4196 codxistentiae
468 4135 655 4210 opinionem,
691 4140 872 4210 ceterasque
904 4136 934 4192 in
965 4141 1125 4210 utramque

15 4228 134 4299 partem
157 4222 366 4300 divergentes,
397 4237 475 4297 quae
498 4226 560 4280 tam
585 4221 640 4279 sibi
663 4221 791 4280 invicem
815 4235 907 4296 quam
929 4221 1029 4280 medio
1052 4238 1126 4282 con-

16 4309 128 4370 trariae
157 4318 243 4385 sunt,
279 4315 314 4368 ut
343 4313 581 4369 consentaneum
606 4312 672 4379 est,
705 4307 817 4367 missas
839 4307 933 4380 facio,
968 4312 999 4366 et
1021 4310 1124 4385 ipsum

17 4403 145 4458 naturae
175 4395 360 4456 conditorem
391 4413 446 4455 sno
473 4394 553 4471 quod
577 4395 633 4454 sibi
658 4394 749 4454 habet
770 4395 989 4455 incarnationis
1011 4400 1125 4472 myste-
