2752 4778
1179 198 1252 291 aaa

108 398 118 436 t
142 384 287 447 laudibus
315 391 493 449 ornatamm
522 386 606 446 nulla
635 391 681 446 est
704 385 827 445 ornntno
850 384 888 444 de
912 399 972 458 qua
995 399 1055 443 non
1079 399 1182 444 eorum
1207 385 1256 459 qui

108 458 182 532 itte
213 472 368 532 laetantur
397 474 616 533 incrementum
639 471 795 544 invenias3
833 471 879 529 vel
903 487 971 530 enm
994 471 1023 528 in
1048 471 1256 545 superioribus

108 556 116 623 t
143 560 293 635 magister
324 561 379 617 tria
412 559 637 634 proposuisset,
678 559 892 632 semetipsum,
929 571 1103 626 sermones,
1139 557 1255 616 virtutis

108 659 115 696 t
141 643 338 714 laudatores,
369 645 398 703 in
424 644 673 720 bis·>eomplexns
698 648 851 702 oratorum
875 658 959 702 more
982 641 1140 717 explicuit,
1168 640 1256 700 indu-

108 747 114 783 ε
142 730 297 790 ottonibus
328 729 366 788 ad
391 732 450 790 istu
473 732 529 790 tria
553 730 776 798 accomodans,
813 728 852 788 de
875 730 1039 804 semetipso
1061 728 1145 802 prius
1169 742 1257 787 enar-

108 834 115 871 r
143 830 214 876 rare
244 816 412 891 incipiens,
448 816 557 877 deinde
580 816 771 901 permodica
795 815 913 874 virtutis
936 813 1111 874 laudatores
1135 827 1258 888 percur-

108 916 234 983 r‚rens‚
264 903 294 960 in
325 917 486 962 sermones
517 903 584 962 illas
616 902 855 974 consummavit;
888 918 954 960 oum
972 904 1192 978 cognmentum
1217 898 1256 958 ad

108 991 114 1045 i
143 993 286 1046 sanctum
312 988 455 1049 Basilinm
487 988 716 1048 accomodatum
747 993 777 1046 et
799 988 858 1062 ipsi
880 987 1072 1060 conveniret,
1104 990 1138 1045 nt
1162 985 1257 1062 magi-

108 1076 114 1132 l
143 1078 227 1148 etro,
257 1080 288 1133 et
316 1078 465 1133 sermonis
488 1076 658 1150 proposito,
693 1073 931 1133 clamatoribus
955 1073 1087 1141 virtutis,
1119 1071 1166 1130 vel
1190 1071 1257 1130 lan-

108 1182 114 1217 t
142 1159 303 1220 doionibus
322 1161 402 1234 eius,
434 1160 657 1238 desideratam,
688 1175 746 1233 qna
765 1175 858 1218 nosse
882 1158 1060 1218 desiderant
1080 1157 1255 1216 incrementi

108 1269 112 1302 ι
141 1247 174 1304 in
199 1247 338 1306 virtutem
363 1262 416 1320 per
438 1247 633 1306 imitationem
659 1247 738 1321 capti
759 1245 1044 1320 rnodos,.ipsisqne
1063 1244 1256 1304 sermonibus

108 1355 112 1407 r
142 1337 403 1401 consentaneum,
436 1337 541 1407 utpote
571 1332 825 1408 praestantiorum
857 1331 973 1390 virtutis
1002 1329 1257 1389 commendatori·

108 1441 109 1456 ε
141 1419 213 1478 bas.
268 1415 424 1476 Enimvero
455 1417 612 1477 cuiuslibet
645 1418 776 1476 bominis
801 1418 861 1475 vita
885 1415 1053 1477 secundum
1077 1415 1167 1476 deum
1190 1415 1256 1475 lau-

139 1501 237 1562 dabili
260 1505 374 1582 ornati,
402 1504 537 1578 inprimis
562 1520 632 1564 vero
656 1503 758 1562 Basilii
781 1503 895 1580 egregii
916 1502 1014 1573 illius,
1047 1503 1111 1561 sive
1134 1516 1255 1562 omnem

139 1587 304 1664 complecti
337 1589 502 1664 potuerint,
533 1597 562 1649 et
592 1596 734 1664 tanquam
766 1591 863 1648 rivam
892 1596 921 1648 et
951 1589 1115 1648 animatam
1138 1587 1255 1648 virtutis

139 1675 333 1735 amatoribus
362 1677 500 1734 subicere
531 1677 711 1754 imaginem,
743 1678 807 1734 sive
837 1691 896 1733 non
928 1675 1078 1749 potuerint
1101 1673 1141 1734 ad
1165 1672 1256 1752 buius

138 1760 385 1839 magnitudinem
417 1767 592 1836 penetrare,
623 1764 651 1820 iu
683 1761 765 1821 narlla
793 1762 885 1837 igitur
914 1777 945 1820 re
974 1778 1010 1821 ex
1037 1761 1193 1835 omnibus,
1227 1766 1257 1819 et

138 1862 287 1908 sermone
309 1851 338 1906 et
359 1846 502 1922 loquente
524 1856 555 1905 at
577 1848 736 1917 audiente,
766 1847 851 1906 aliter
870 1846 979 1906 accidit
996 1847 1067 1921 quin
1087 1846 1258 1923 argumenti

137 1938 358 1993 ornamentum
390 1935 607 1992 conuenienter
637 1934 809 2008 participet,
839 1932 887 1990 vel
916 1937 950 1990 ut
973 1932 1064 2007 paulo
1088 1947 1182 2006 snpra
1205 1947 1256 1990 ac·

138 2019 280 2079 curatius
305 2020 475 2092 qtraesitnnr
500 2025 555 2078 est.

137 2199 321 2274 Eiusdem
344 2223 390 2272 ex
412 2200 655 2294 carminibus,
682 2203 722 2272 in
744 2197 862 2290 illud,
891 2194 1025 2289 ,Ludit
1042 2197 1140 2270 enim
1159 2220 1256 2271 snm·

195 2327 258 2376 ma
289 2303 381 2375 ratio
409 2304 630 2377 omnimodis
662 2303 809 2403 figuris,
844 2297 1062 2375 Discernens
1093 2298 1259 2399 qualibet

195 2405 378 2479 mundum
399 2430 509 2479 suum
529 2405 616 2481 hine
638 2416 674 2480 et
697 2405 816 2480 illinc.

254 2540 382 2613 Quando
412 2548 513 2600 mente
544 2543 633 2602 veluti
662 2557 715 2617 per
745 2543 852 2601 ianuas
878 2541 1026 2616 quasdam
1051 2558 1155 2602 eorum
1180 2559 1257 2618 quae

141 2628 286 2687 videntur
316 2627 355 2686 ad
384 2626 603 2687 intellectualia
626 2628 749 2686 traiecta
773 2627 839 2687 sola
864 2628 921 2687 tide
944 2629 973 2685 in
998 2629 1104 2704 spiritu
1127 2644 1256 2706 magnus

142 2713 241 2774 David
270 2729 289 2773 a
316 2714 419 2773 divina
450 2715 598 2788 sapientia
622 2713 776 2787 qttandam
801 2715 1010 2790 mysteriorum
1035 2730 1112 2789 quae
1135 2715 1255 2790 qnidam

140 2800 319 2860 hominibus
343 2800 492 2876 attingere
513 2798 583 2860 licet
602 2801 877 2875 interpretationem
901 2801 1031 2876 aceepit,
1064 2809 1143 2875 turn,
1173 2807 1256 2878 puto.

142 2887 205 2960 ait,
237 2887 395 2962 ,Abyssns
425 2886 571 2960 abyssum
599 2888 720 2945 invocat
742 2888 771 2945 in
797 2902 901 2947 vocem
926 2892 1166 2949 catarractarum
1190 2893 1256 2949 tna·

141 2978 248 3034 rnm‘:
285 2970 332 3030 bis
367 2972 496 3032 fortasse
527 2973 702 3049 signilieans
732 2988 853 3031 omnem
884 2979 1015 3032 mentem
1047 2975 1256 3050 contemplati·

142 3072 231 3130 vam,
269 3074 305 3117 εο
336 3057 418 3132 quod
449 3059 627 3117 naturaliter
656 3057 813 3116 invisibilis
844 3060 884 3116 sit
908 3064 937 3117 et
960 3060 998 3116 ob
1021 3060 1256 3133 profunditatem

142 3151 176 3205 et
206 3143 427 3204 multitudinem
457 3145 671 3222 cogitationum
694 3146 806 3218 abysso
830 3143 973 3218 similem,
1004 3150 1167 3220 postquam
1190 3148 1258 3207 uui·

141 3245 265 3291 versam
289 3246 395 3291 earum
419 3247 498 3306 quae
521 3229 661 3290 videntur
684 3245 783 3289 rerum
807 3230 1051 3290 constitutionem
1072 3239 1102 3292 et
1121 3233 1257 3293 ordinem

142 3317 297 3377 traiecerit
320 3324 348 3376 et
371 3318 400 3374 in
424 3315 672 3377 intellectualium
696 3318 852 3394 regionam
872 3318 1057 3392 pervenerit,
1090 3319 1258 3395 bonumque

141 3404 286 3463 decorem
321 3403 490 3463 secundnm
522 3403 611 3462 tidem
640 3419 747 3462 rursus
778 3407 878 3461 motus
909 3402 1102 3465 vehementia
1132 3422 1257 3481 snpera-

141 3489 235 3560 vertt,
267 3490 387 3564 latoque
416 3492 444 3548 ln
476 3505 509 3548 se
537 3491 606 3565 ipsa
636 3495 708 3562 stet,
739 3491 799 3548 lixa
823 3503 948 3563 prorsus
973 3497 1063 3563 atque
1087 3492 1271 3564 immobilis,-

142 3576 182 3635 ob
214 3581 324 3634 cuncta
352 3576 492 3648 traiecta,
528 3581 592 3636 tum
614 3576 748 3634 divinam
773 3577 946 3634 necessario
968 3576 1111 3636 invocare
1135 3579 1256 3654 saplen-

141 3662 234 3730 tiam,
263 3663 407 3736 abyssum
438 3676 517 3736 qnae
546 3678 651 3721 revera
681 3678 740 3720 non
765 3663 862 3737 possit
884 3661 1055 3740 cognitione
1079 3665 1255 3737 transcurri,

140 3753 177 3808 ut
208 3747 264 3806 slbi
295 3747 465 3808 divinarum
496 3753 734 3808 catarractarurn
757 3763 863 3808 nocem
887 3748 959 3807 dare
983 3749 1068 3819 velit,
1100 3766 1160 3808 non
1184 3765 1256 3809 uero

141 3835 229 3909 ipsas
252 3839 456 3907 catarractas,
481 3834 563 3908 qarod
586 3840 633 3893 est
657 3835 911 3911 significationem
935 3835 1089 3909 qnondam
1110 3837 1178 3895 tidei
1197 3851 1257 3912 qua

141 3919 265 3978 divinae
296 3920 376 3979 circa
403 3921 581 3980 universum
610 3921 817 3996 providentiae
847 3920 955 3979 modos
987 3926 1016 3980 et
1044 3922 1178 3983 rationes
1203 3937 1257 3981 no·

142 4019 269 4066 scamus
299 4006 440 4080 precibus
470 4008 649 4081 impetrare,
686 4023 746 4081 qua
776 4007 824 4066 del
848 4007 1024 4067 meminisse
1048 4023 1194 4083 queamus
1218 4023 1257 4069 ex

142 4099 224 4151 terra
253 4089 390 4153 lordonis
414 4099 443 4151 et
467 4091 657 4171 Hermoninr,
687 4095 715 4152 ln
741 4108 801 4167 qna
824 4093 944 4161 divinae
968 4093 1015 4153 dei
1039 4094 1193 4153 Sennnnis
1218 4096 1256 4154 ad

142 4294 167 4349 3.
193 4290 260 4344 ὅλον
284 4295 366 4344 edidit
386 4294 491 4348 Callian.
537 4294 599 4346 Cum
622 4297 733 4346 Maximo
759 4298 855 4346 l'ncinnt
882 4299 939 4350 eod.
961 4300 1024 4360 lteg.
1045 4298 1104 4350 993.
1133 4308 1157 4349 ει
1179 4301 1254 4352 Coisl.

142 4362 212 4430 apud
233 4363 357 4413 editorem
378 4364 554 4415 nouissimum.
