2752 4778
1179 201 1254 279 289

120 386 213 447 ¹sc'um
246 383 391 446 facultate
421 385 596 460 irritamque
624 385 750 446 habebit
776 402 867 446 verae
895 389 1031 447 veritatis
1058 384 1256 466 indagandae

120 472 222 533 ¹sartis
251 488 329 533 suae
358 473 438 532 viam
461 476 552 546 atque
573 472 735 546 rationem,
766 484 835 533 cum
857 474 1035 551 intellegere
1058 475 1139 535 haud
1161 483 1256 550 qccot

138 557 301 635 quomodo
322 561 353 619 in
375 573 561 633 unaqueque
584 558 774 636 singulorum
797 574 987 634 quorumque
1009 562 1143 635 ratione,
1173 569 1203 622 ει
1225 565 1255 620 in

136 646 264 705 monus
292 645 382 704 simul
415 646 524 720 quibus
554 651 664 706 cuncta
693 647 831 705 existunt
859 648 1042 723 rationibus,
1080 650 1106 706 is
1134 650 1186 723 qui
1209 664 1256 708 re·

120 746 220 791 -varc
248 733 326 792 iuter
353 746 391 791 eu
412 747 492 806 quae
513 737 586 791 sunt
609 747 670 791 non
695 736 853 807 censetur,
886 738 918 791 et
938 735 1043 792 omnia
1064 736 1184 809 proprie
1207 736 1254 809 sit,

120 824 176 879 ost
197 832 297 894 supra
319 819 421 878 omniu
443 817 530 878 dens.
582 818 668 877 Certe
691 820 717 877 si
740 820 841 878 omnis
864 819 982 893 divine,
1014 825 1047 879 ut
1069 836 1174 880 verum
1196 828 1256 890 est,

123 906 225 965 actio
262 909 294 964 et
328 907 424 964 virtus
462 904 553 965 deum
582 903 738 964 individue
768 910 863 964 totum
892 921 946 979 per
975 912 1072 966 semet
1098 908 1196 981 ipsam
1225 908 1255 964 in

130 1004 331 1066 mnuquaque
358 1007 408 1064 re,
438 1005 562 1065 quaqua
591 993 708 1050 ratione
736 993 816 1051 inest
843 992 963 1066 proprie
985 992 1151 1069 significat,
1187 992 1256 1066 quis

120 1082 291 1137 accurate
312 1083 343 1137 et
363 1074 543 1155 intellegere
560 1083 590 1136 et
608 1093 751 1137 enarrare
769 1078 894 1152 poterit,
917 1078 1069 1151 quomodo
1088 1081 1118 1137 in
1138 1080 1256 1138 cunctis

139 1165 347 1231 communiter
374 1167 457 1224 totns
479 1169 510 1223 ει
531 1165 561 1222 in
585 1179 770 1238 unoquoque
792 1179 897 1223 eorum
920 1178 1000 1237 quae
1022 1170 1096 1224 sunt
1117 1165 1254 1239 privatim

120 1250 276 1329 apartium
304 1265 415 1325 expers
445 1255 475 1309 et
503 1249 678 1309 individuus
709 1253 821 1310 existat
848 1249 940 1320 deus,
979 1266 1077 1326 neque
1106 1252 1189 1311 varie
1218 1266 1255 1309 sc

120 1335 348 1412 multipliciter
381 1334 523 1397 diductus
557 1352 620 1396 unu
649 1352 718 1395 cnm
749 1352 851 1396 rerum
879 1339 1005 1411 quibus,
1043 1343 1079 1397 ut
1107 1338 1254 1412 existens,

133 1422 225 1483 inest
251 1424 375 1482 infinitis
404 1420 597 1494 differentiis,
631 1437 730 1496 neque
752 1428 928 1483 contractus
950 1422 1120 1483 secundnm
1143 1423 1255 1500 singuli

120 1510 294 1583 :cuiusque
314 1509 498 1585 peculiarem
521 1509 734 1589 existentiam,
756 1525 855 1584 neque
877 1509 1061 1570 contrahens
1084 1510 1254 1570 secundum

132 1610 239 1657 ittrtarm
275 1600 451 1655 cunctorum
486 1600 517 1655 et
548 1595 736 1672 singularem
766 1598 912 1655 totitotem
941 1612 1045 1656 eorum
1076 1611 1154 1671 quae
1183 1604 1256 1656 sunt

132 1676 345 1752 'differentius,
375 1681 430 1741 sed
453 1683 556 1741 omnia
578 1683 608 1740 in
630 1683 771 1742 omnibns
792 1698 898 1742 revera
920 1685 1033 1743 existat
1053 1685 1079 1742 is
1103 1685 1154 1757 qui
1177 1698 1256 1741 nun-

125 1783 237 1845 ·quam
265 1768 411 1843 peculiari
440 1783 498 1827 suu
526 1774 557 1828 et
583 1767 740 1827 individua
762 1769 953 1844 simplicitate
975 1768 1119 1829 excidat?
1172 1769 1255 1830 Bene

120 1856 236 1933 -lgitur
262 1855 408 1931 magister
436 1854 558 1914 deitatis
586 1856 713 1914 rationis
742 1855 854 1916 mullas
882 1871 954 1915 esse
975 1857 1186 1931 perceptiones
1210 1855 1255 1914 di-

139 1940 202 2015 xit,
231 1940 404 2015 dequibus
427 1940 528 2000 solum
551 1941 630 2015 quod
655 1941 731 2001 deus
755 1941 794 2001 sit
814 1942 994 2016 dcceemur,
1024 1943 1255 2018 solutionesque

138 2029 337 2104 operosiores
362 2034 392 2087 et
414 2026 615 2103 difficiliores,
646 2026 684 2086 de
707 2029 815 2101 quibus
838 2044 946 2087 rursus
970 2029 1040 2101 quid
1064 2030 1188 2087 nonsit
1211 2027 1256 2086 di·

140 2129 288 2190 scemus;
318 2130 379 2189 quc
401 2114 439 2173 ab
461 2113 560 2174 inutili
583 2120 675 2188 atque
695 2115 803 2174 nociva
825 2115 998 2173 curiositate
1019 2119 1180 2174 revocaret
1200 2128 1254 2172 ecs

139 2201 194 2275 qui
224 2199 358 2260 divinum
388 2201 478 2260 vanis
508 2201 699 2276 ingeniorum
730 2216 857 2259 suorum
879 2199 1032 2276 figmentis
1055 2201 1255 2274 comprehen-

141 2286 218 2346 dere
246 2302 340 2362 posse
369 2287 425 2347 sibi
455 2285 612 2357 videntur,
647 2288 757 2362 quibus
782 2302 820 2346 ne
843 2285 980 2346 ultimum
1003 2286 1126 2361 quidem
1151 2301 1253 2345 eorum

141 2388 225 2448 quae
247 2378 404 2447 suntque
426 2373 465 2432 stt
488 2374 604 2433 ratione
628 2378 658 2432 et
680 2374 792 2433 existet
814 2388 885 2432 vere
904 2372 1119 2448 comprehendi
1143 2377 1252 2447 potest.

139 2541 203 2617 Ex
223 2545 344 2643 primo
363 2500 409 2618 de
426 2541 521 2618 Filio
541 2568 728 2637 sermone,
756 2546 795 2617 in
814 2544 932 2636 illud,
958 2541 1156 2637 ,Quocirca
1172 2540 1255 2618 uni·¹

195 2658 269 2769 tus·
282 2647 465 2790 principio
498 2650 537 2722 in
569 2647 755 2723 binarium
789 2657 889 2743 motu
914 2649 953 2722 in
980 2648 1143 2723 trinitate
1169 2671 1251 2765 oon-

193 2759 298 2826 stant

251 2885 462 2963 Quodcunque
483 2888 653 2949 secundum
677 2894 817 2949 naturum
841 2894 978 2949 movetur
1000 2904 1130 2949 necesse
1153 2892 1254 2947 estut

128 2973 183 3033 -de
209 2988 310 3035 ceusu
339 2980 511 3049 moveatur,
546 2979 575 3035 et
603 2975 808 3050 quodcunque
838 2974 876 3035 de
904 2991 1002 3036 causa
1031 2980 1171 3036 movetur
1200 2989 1254 3033 ne-

132 3074 234 3121 ·cesse
263 3066 312 3119 est
340 3065 373 3121 ut
400 3059 440 3121 de
470 3077 567 3121 cause
595 3062 687 3121 etium
715 3062 842 3132 existet,
882 3061 1086 3135 quodcunque
1114 3076 1186 3119 vern
1213 3059 1253 3118 de

141 3161 240 3207 cause
263 3147 367 3207 existit
389 3151 481 3221 atque
504 3146 542 3206 de
564 3163 661 3207 cause
682 3154 822 3208 movetur
843 3147 961 3206 initium
980 3161 1101 3221 quoque
1118 3147 1254 3204 existen-

139 3233 205 3295 tiae
233 3237 268 3292 ut
297 3233 408 3293 habeat
436 3249 566 3293 necesse
596 3238 644 3294 est
673 3249 742 3294 eam
762 3249 819 3310 per
840 3247 930 3308 quarn
955 3234 1057 3293 existit
1077 3237 1108 3292 ct
1131 3247 1170 3293 ex
1192 3245 1253 3305 qua

125 3318 183 3387 aad
212 3320 408 3381 existentiam
438 3320 529 3380 ducta
557 3326 605 3381 est
633 3336 777 3394 causum,
807 3319 898 3379 linem
921 3336 994 3381 vero
1015 3320 1157 3380 motionis
1180 3332 1254 3377 ean·

123 3405 214 3469 -dcm
236 3420 298 3480 quc
321 3411 460 3467 movetur
481 3406 568 3469 etad
588 3423 678 3483 quum
699 3413 842 3483 properet
860 3422 997 3467 causam.
1043 3405 1253 3480 Quodcunque

140 3497 248 3555 cutem
267 3508 465 3567 percensum
484 3499 516 3554 et
533 3498 581 3553 est
599 3500 629 3554 et
645 3499 783 3554 movetur
800 3493 915 3554 luctum
932 3499 967 3554 ut
980 3495 1021 3553 sit
1035 3494 1107 3554 item
1124 3506 1253 3552 neccsse

122 3582 202 3639 ‚cst
255 3577 339 3652 Quod
370 3579 397 3638 si
426 3580 492 3640 eius
521 3579 601 3656 quod
631 3588 769 3641 movetur
797 3581 866 3639 linis
895 3584 945 3639 est
966 3596 1062 3640 causa
1083 3596 1138 3656 per
1161 3593 1252 3653 quum

139 3669 298 3738 movetur,
334 3681 463 3726 necesse
492 3672 539 3726 est
567 3664 675 3727 eadem
704 3668 743 3727 sit
766 3680 860 3726 causa
882 3682 936 3740 per
958 3681 1049 3740 qnam
1070 3666 1184 3726 factum
1205 3669 1254 3723 est

140 3755 175 3811 et
195 3751 309 3812 existit.
359 3750 440 3829 Ergo
461 3768 524 3813 una
544 3754 669 3812 omnino
692 3759 740 3813 est
761 3752 828 3811 elus
860 3751 941 3824 quod
969 3756 1124 3825 utcunque
1152 3750 1255 3809 existit

139 3842 176 3899 ct
204 3842 344 3898 movetur
372 3838 542 3898 secundum
571 3844 711 3899 naturum
740 3843 773 3899 nt
801 3837 918 3896 initium
941 3842 972 3896 et
992 3838 1061 3896 finis
1083 3852 1177 3896 censa
1200 3850 1255 3908 per

140 3938 237 3999 quern
259 3931 291 3985 et
312 3928 359 3984 est
382 3929 411 3983 et
433 3929 573 3985 movetur
591 3924 795 4000 quodcunque
814 3927 861 3982 est
880 3927 910 3980 et
928 3929 1076 3983 movetur.
1120 3920 1254 3980 Strenuo

132 4010 225 4071 ¹enlm
254 4016 286 4070 et
312 4009 421 4070 efficax
449 4026 518 4070 cum
546 4013 593 4071 vis
615 4012 671 4085 sit,
700 4010 758 4070 dec
780 4010 998 4068 convenienter
1018 4014 1081 4067 tam
1104 4006 1194 4066 ellicit
1215 4022 1254 4067 ea

141 4110 224 4173 quse
252 4097 345 4172 dunt,
374 4100 409 4156 ut
428 4096 562 4168 initium,
592 4101 624 4156 et
646 4095 799 4172 producit,
830 4098 922 4168 qnam
944 4094 1037 4155 trehit
1058 4092 1254 4169 providenter

127 4180 193 4245 ω’
209 4197 290 4258 quac
318 4189 495 4255 moventur,
524 4189 558 4243 ut
587 4183 673 4262 linis,
701 4188 792 4257 atque
815 4180 965 4242 terminet.
1021 4179 1085 4240 lem
1107 4180 1133 4240 si
1156 4178 1253 4254 quod-

143 4302 424 4329 μ...-

126 4384 134 4395 ·
181 4354 185 4365 '
215 4382 229 4431 ι
259 4374 377 4432 uem
394 4380 454 4432 ea.
474 4379 541 4433 oea.
