2752 4778
1203 159 1250 237 tt

150 343 316 418 nanceio,
345 348 402 407 sed
429 345 714 415 manifestatricem,
742 351 774 405 et
801 344 994 406 solummodo
1015 346 1186 407 divinarum
1205 348 1254 407 iu-

149 431 378 510 telligentiarum
396 439 428 493 et
446 432 685 510 disputationum
705 430 920 492 ⁸⁵ministrum
966 428 1001 489 tlt
1022 437 1124 492 autem
1146 438 1178 493 et
1198 448 1255 508 ρετ

147 517 233 578 alium
262 518 390 579 modam
419 519 613 580 manifestum
643 518 696 579 fiat
723 516 806 592 quod
834 517 947 577 dictum
975 522 1039 589 est,
1068 517 1173 578 dicunt
1202 519 1254 593 qni

146 609 319 665 nostrornm
354 620 455 665 rerum
490 605 650 682 diligenter
688 605 821 664 rationes
862 609 1059 678 percurrunt,
1097 602 1253 665 rationalis

145 689 267 763 andorn
295 706 369 751 esse
395 691 668 767 contemplativum
696 695 729 749 et
750 690 897 763 activum3
933 694 966 749 et
987 689 1253 764 contemplativum

144 774 266 848 auidam
296 777 467 838 secundnm
494 776 697 846 intellectum,
737 777 848 851 quippe
875 773 968 835 babet
996 791 1034 834 ea
1062 791 1141 850 quae
1169 781 1252 855 sunt,

143 863 277 922 activum
317 878 388 923 vero
424 863 594 924 secundum
624 861 800 930 consilium,
838 861 919 934 quod
947 859 1054 919 diffinit
1081 861 1253 921 actionibus
1300 927 1302 931 ,

143 953 257 1007 rectam
288 950 446 1009 rationem.
500 948 536 1008 tit
564 953 676 1008 vocant
703 947 825 1021 quidem
848 946 1114 1021 contemplativum
1136 946 1253 1008 intelle-

143 1039 241 1104 ctum,
278 1036 412 1094 activum
443 1051 514 1096 vero
544 1035 710 1104 rationem,
746 1039 777 1092 et
805 1031 877 1091 illud
910 1032 1031 1105 quidem
1061 1032 1251 1108 sapientiam,

142 1118 214 1179 illud
245 1135 319 1179 vero
341 1121 542 1196 prudentiam.
596 1118 629 1178 Si
652 1125 753 1178 autem
777 1118 837 1177 boc
860 1133 980 1193 verum,
1016 1135 1055 1178 ex
1078 1134 1175 1178 causo
1195 1120 1254 1179 ita-

144 1221 199 1279 que
229 1208 398 1283 actionem,
436 1206 607 1267 secundam
638 1204 709 1281 quid
739 1219 933 1277 consequens
962 1208 1024 1277 est,
1061 1210 1093 1264 at
1120 1221 1182 1272 non
1212 1221 1251 1264 ex

144 1291 287 1363 matema,
310 1293 478 1353 nominavit
499 1293 646 1369 magister
668 1293 816 1351 rationem
839 1286 861 1320 ⁸⁰
874 1289 990 1350 nullam
1011 1290 1175 1350 habentem
1197 1305 1253 1365 op·
1290 1365 1292 1369 .

143 1377 275 1451 positum
298 1376 507 1441 habitudinem
531 1376 700 1453 appellans.
742 1374 974 1459 dationabiliter
996 1376 1075 1436 enim
1099 1381 1129 1436 et
1152 1376 1253 1436 scien·

144 1469 200 1533 ter,
230 1468 266 1523 at
294 1480 357 1524 non
380 1480 434 1540 per
454 1464 640 1525 inimicitiam
664 1469 695 1522 et
715 1463 939 1521 contentionem
962 1463 1056 1522 instet
1077 1463 1158 1522 veris
1181 1477 1254 1520 con·

143 1547 356 1624 templativus,
387 1556 417 1610 et
446 1554 566 1626 praeter
588 1551 656 1624 ipsa
678 1547 762 1609 aliud
785 1547 856 1622 qrrid
877 1547 980 1607 videre
1004 1554 1126 1625 propter
1148 1564 1253 1608 eorum

143 1633 376 1697 delectationem
406 1652 466 1696 non
497 1635 611 1710 recipit.
673 1631 702 1692 Si
732 1650 805 1692 vero
835 1651 911 1709 opus
942 1638 991 1694 est
1020 1640 1050 1695 et
1078 1634 1165 1694 aliter
1193 1632 1253 1694 hoc
1318 1647 1320 1653 ·

142 1715 279 1797 apertius
307 1721 426 1792 facere,
466 1722 574 1781 iterum
604 1720 656 1794 qui
684 1719 855 1780 secundum
887 1721 1030 1780 virtutem
1058 1720 1252 1796 perfectionis

141 1806 290 1867 rationem
314 1813 474 1881 exercent,
505 1804 614 1876 dieunt
632 1806 782 1879 quosdam
805 1804 940 1866 nondum
964 1808 1004 1867 ad
1026 1807 1185 1867 materiam
1203 1821 1253 1866 sa-

141 1892 274 1955 cundum
305 1892 442 1954 hobitum
472 1891 685 1953 communione
707 1898 872 1969 purgem,
901 1892 981 1952 circa
1004 1893 1141 1953 actiones
1165 1891 1251 1962 ellici,

141 1976 209 2039 dum
242 1980 283 2039 sit
311 1979 406 2041 mixta
433 1980 535 2039 adbuc
565 1979 608 2038 eis
639 1977 720 2038 circa
751 1993 790 2038 ea
820 1993 898 2051 qrroe
930 1983 1001 2038 sunt
1028 1979 1190 2048 iudicatio,
1224 1982 1254 2036 et

139 2069 211 2129 sunt
232 2065 469 2136 conversibileS,
500 2063 636 2124 nondam
662 2065 742 2125 eirca
765 2063 976 2124 conversibilia
999 2063 1137 2124 habitum
1160 2063 1252 2139 depo-

141 2153 260 2211 nentes·
316 2149 474 2223 Quosdam
503 2166 575 2209 vero
607 2165 661 2224 per
691 2151 808 2210 virtutis
831 2150 1038 2209 summitatem
1060 2150 1118 2210 deo
1141 2146 1252 2210 secun-

140 2235 209 2295 dnm
239 2234 378 2301 habitum
411 2237 675 2312 approximantes,
705 2241 736 2295 et
763 2236 860 2312 ipsius
890 2234 1060 2295 secandum
1081 2234 1252 2312 intelligen-

141 2323 211 2382 tiam
243 2320 430 2384 beatitudine
460 2321 609 2390 fruentes,
638 2322 678 2381 ad
707 2338 741 2380 se
771 2325 856 2399 ipsos
886 2321 1077 2381 solummodo
1107 2327 1137 2382 et
1159 2321 1251 2382 deum

140 2422 322 2477 conversos,
359 2407 529 2483 rumpendo
558 2408 677 2466 sincere
706 2408 872 2468 materialis
900 2407 1088 2467 habitudinis
1117 2406 1248 2481 vincula,

138 2493 311 2555 octonibus
338 2493 463 2568 quidem
494 2510 512 2554 a
543 2496 669 2553 materia
696 2495 829 2569 perfecte
851 2493 1036 2565 alienantur,
1063 2493 1249 2570 contempla-

139 2581 219 2640 tione
244 2595 318 2639 vero
340 2585 371 2640 et
393 2579 451 2639 deo
474 2579 638 2640 familiares
661 2580 747 2640 fiunt.
793 2579 970 2655 Propterea,
998 2581 1156 2653 inquiunt,
1185 2596 1250 2639 ma-

139 2670 213 2726 nent
235 2663 508 2737 inconversibiles,
537 2681 599 2725 non
621 2665 771 2726 babentes
793 2665 895 2727 adbuc
918 2666 958 2726 ad
981 2668 1141 2728 materiam
1163 2666 1251 2727 babi-

138 2751 294 2821 tudinem,
333 2767 387 2826 per
424 2767 514 2826 quam
551 2767 620 2811 cum
653 2752 780 2812 materia
810 2752 986 2813 naturaliter
1013 2752 1116 2813 mobili
1143 2758 1251 2812 contm

140 2842 284 2898 naturam
305 2837 489 2897 commoveri
511 2853 550 2897 ex
573 2838 758 2898 necessitate
781 2839 939 2899 consuevit
961 2838 1012 2912 qui
1034 2840 1178 2899 materiae
1196 2854 1251 2914 per

139 2922 348 2984 habitudinem
376 2928 537 2984 concretus
567 2928 632 2996 est,
667 2928 697 2983 et
725 2926 878 2984 maximae
907 2923 1015 2984 videns
1037 2925 1173 3002 indigere
1195 2941 1258 3000 poe

139 3008 253 3069 modae
282 3008 322 3068 ad
351 3008 571 3084 depositionem
600 3008 765 3069 materialis
792 3011 1017 3086 passibilitatis,
1050 3013 1087 3072 ab
1116 3027 1154 3071 ea
1175 3009 1250 3071 libe-

139 3096 197 3155 rari
217 3093 387 3165 volentem,
410 3097 452 3154 ait
474 3096 633 3172 magister,
666 3095 737 3168 ,Cui
758 3097 850 3172 igitur
870 3097 987 3156 licitam
1004 3096 1060 3157 fuit
1081 3112 1136 3172 per
1156 3098 1250 3157 ratio·

140 3197 208 3241 rtem
241 3185 273 3240 et
300 3181 586 3258 contemplationem
618 3183 841 3256 pertranseunti
871 3183 1047 3252 materiam,
1076 3186 1106 3241 et
1127 3181 1250 3244 carnale

140 3265 212 3342 boc,
245 3266 312 3326 sive
341 3267 625 3343 nimbumoportet
654 3266 770 3339 dicere,
805 3271 870 3329 sive
899 3267 1056 3343 velamen,
1091 3285 1161 3329 oum
1189 3267 1248 3329 deo

139 3353 217 3425 fieri,
248 3357 307 3412 etc.

140 3498 333 3591 Quomodo
357 3507 413 3572 est
432 3474 582 3572 nimbus
607 3509 642 3573 et
664 3500 834 3574 velamen
859 3498 970 3574 caro?

219 3678 222 3682 -
245 3638 307 3698 car
336 3642 437 3698 autem
468 3639 603 3700 nimbum
634 3656 704 3701 esse
733 3647 765 3702 et
786 3641 926 3701 velamen
947 3656 1069 3702 carnem
1091 3641 1163 3701 dicit
1183 3660 1249 3704 ma-

137 3728 252 3804 gister,
283 3722 390 3784 videns
421 3726 531 3801 qnippe
553 3727 625 3801 quia
648 3729 747 3787 omnis
768 3726 923 3787 humanus
946 3729 1067 3788 animus
1090 3744 1196 3789 errans
1219 3736 1249 3791 et

138 3809 315 3874 anaturali
336 3815 422 3872 motu
444 3817 523 3871 retro
545 3813 714 3888 aspiciens,
751 3814 832 3873 circa
860 3813 1033 3890 passionem
1063 3820 1094 3874 et
1123 3831 1248 3877 sensum

137 3904 167 3960 et
195 3897 358 3959 sensibilia
384 3901 502 3958 motum
532 3897 619 3972 facit,
654 3916 715 3958 non
738 3899 857 3959 babens
880 3899 1026 3960 aliorsum
1049 3903 1177 3977 moveri,
1193 3904 1247 3964 *ab

137 4001 174 4047 eo
205 3987 292 4045 motu
323 3983 374 4057 qui
402 3982 443 4043 ad
471 3983 562 4044 deum
592 3985 770 4046 naturaliter
797 3985 855 4045 fert
883 3985 1044 4060 deficiens3
1084 3993 1115 4047 et
1147 3989 1247 4049 divisit

137 4086 263 4132 carnem
302 4070 333 4127 in
372 4069 550 4143 passionem
590 4077 621 4130 et
661 4089 802 4145 sensum3
842 4073 942 4132 carnis
980 4073 1059 4133 enim
1095 4076 1246 4136 animatae

206 4238 233 4291 1.
250 4235 363 4298 notator
380 4234 421 4286 ad.
441 4234 496 4287 aar.

211 4322 649 4388 ab.togemrntetram.<ca10.)
702 4323 744 4377 36.
764 4324 974 4390 tegenottonr.
997 4325 1093 4393 (Gale.)
