2752 4778
1102 212 1174 293 188

59 386 405 495 Contemplatioin
435 395 616 494 evangelii
650 396 791 470 dictum
819 399 866 472 de
891 423 934 472 eo
966 404 1030 498 qui
1059 404 1099 478 in
1121 406 1177 479 la·

110 505 238 589 tronea
264 499 404 575 incidit.

134 658 149 671 ““
163 650 216 729 ‚Ac
244 653 377 712 icrtasse
405 650 465 712 i'roe
496 651 576 726 quod
607 651 686 711 datis
716 654 748 712 in
771 656 959 716 curationem
981 659 1048 718 eius
1072 662 1175 734 quiin

61 726 199 813 baanes
228 738 376 800 inciderat
405 737 525 816 duobus
544 739 689 799 denariis
716 740 747 798 in
770 741 937 803 diversorio
961 760 980 804 a
1003 744 1125 806 domino
1147 747 1176 807 e'i

63 822 122 909 etri-¹
139 838 215 885 cura
240 825 373 886 hominis
402 825 617 903 iniungebatur
638 827 811 901 impensum
832 835 895 903 est,
926 830 1006 904 quod
1028 834 1119 893 etiarn
1140 849 1175 892 se

63 908 203 971 altimum
233 926 304 972 esse
331 914 361 971 in
385 911 483 982 reditu
505 911 647 971 dominns
670 912 835 974 liberaliter
855 916 1007 990 pollicitus
1031 925 1093 995 est,
1128 918 1176 978 re'·

62 1000 128 1061 mni
157 1004 240 1074 quae
269 1005 341 1059 sunt
369 997 509 1057 absoluta
539 1015 593 1073 per
621 998 710 1058 iidem
739 1001 931 1075 inperfectis
956 1004 1176 1067 abdicatioest

62 1080 126 1163 (eit
143 1086 226 1145 enirn
256 1084 413 1158 dominns,
451 1083 525 1157 ,Qui
555 1101 616 1143 non
639 1088 796 1145 renunciat
818 1089 980 1150 universae
1003 1107 1080 1152 suae
1101 1110 1176 1168 pos·

62 1166 211 1245 sessioni,
237 1186 297 1254 non
319 1175 422 1246 potest
444 1186 513 1229 esse
538 1186 623 1229 meus
647 1171 861 1251 discipulus‘),
891 1176 1059 1237 secundum
1082 1194 1175 1254 quam

61 1258 166 1317 omnia
196 1272 267 1317 sese
297 1262 365 1331 aut,
396 1256 476 1332 quod
500 1257 603 1316 dicere
626 1259 723 1335 magis
745 1261 907 1335 usitatum,
939 1279 1009 1322 sese
1032 1267 1174 1326 omnibus
1240 1273 1243 1281 '

62 1342 289 1419 nudandoqui
318 1345 487 1419 sapientiae
518 1345 613 1402 cruori
643 1361 677 1403 se
700 1344 813 1405 dedidit
836 1363 904 1406 curn
927 1349 995 1409 solo
1019 1350 1076 1409 deo
1101 1368 1174 1410 con-

60 1432 178 1489 versari
199 1431 365 1491 merebitur
385 1434 416 1490 et
439 1429 573 1504 adoptivi
594 1429 646 1488 filii
668 1430 848 1507 dignitatem
871 1437 1030 1513 evangelio
1055 1439 1175 1512 praedi-

60 1520 161 1577 ctatam
176 1516 333 1593 accipiet,
363 1517 403 1577 ad
432 1517 589 1591 exemplar
618 1523 792 1577 sanctorum
817 1524 847 1578 et
870 1521 1026 1582 beatorum
1050 1531 1174 1599 aposto·

60 1600 177 1676 lorum,
202 1604 253 1678 qui
277 1618 357 1677 quae
378 1602 580 1679 possidebant
602 1604 742 1663 omnibus
766 1607 889 1664 omnino
913 1624 983 1668 sese
1006 1611 1174 1686 spoliamnt

60 1686 181 1764 solique
218 1688 309 1765 plane
346 1689 405 1749 deo
434 1694 464 1748 et
494 1690 585 1748 verbo
614 1689 838 1765 adhaeserunt,
882 1693 1035 1766 dicentes,
1077 1697 1173 1772 ,Eece

59 1776 163 1837 amnia
184 1776 353 1836 abiecimus
377 1780 467 1850 teque
490 1792 599 1837 sumus
621 1778 747 1851 111111,ι
783 1783 911 1838 naturae
940 1797 1061 1858 quoque
1088 1801 1173 1845 crea-

59 1866 158 1922 tcrem
187 1878 225 1922 ac
248 1862 383 1922 datorem
406 1861 516 1939 legalis
540 1863 661 1932 auxilii,
690 1870 859 1938 quemque,
888 1865 1044 1929 dominum
1068 1871 1174 1931 uideli-

60 1950 123 2020 cet,
153 1954 300 2023 tanqnam
331 1949 464 2008 verinatis
485 1947 586 2007 lucem
612 1950 734 2008 unicum
759 1954 917 2010 consecuti
938 1955 1006 2014 loco
1029 1957 1106 2034 legis
1128 1963 1174 2022 at·

61 2040 120 2115 qtre
150 2039 279 2095 naturae
308 2036 443 2095 omniurn
473 2035 579 2094 merito
611 2051 690 2109 quae
713 2041 784 2111 post
805 2037 897 2097 deum
922 2049 1085 2102 censentur
1108 2060 1175 2104 eer-

58 2126 120 2182 tttm
152 2121 356 2200 coguitionem
388 2126 581 2199 acceperunt.
647 2119 741 2181 Simul
774 2125 854 2182 enirn
882 2141 952 2184 curn
979 2144 1016 2186 eo
1046 2134 1173 2204 apparet

60 2209 181 2285 propria
210 2202 342 2286 cognitio
371 2224 476 2268 eorum
507 2222 587 2282 quae
609 2208 648 2266 ab
672 2224 708 2267 eo
731 2210 811 2269 faeta
834 2217 913 2269 sunt.
967 2213 1172 2285 Quemadmo-

60 2293 132 2355 dum
167 2296 249 2354 enim
285 2294 375 2354 simul
412 2309 481 2353 curn
516 2293 581 2353 sole
612 2290 733 2354 oriente
756 2296 900 2356 universa
931 2299 1012 2360 clare
1043 2317 1171 2376 corpora

61 2388 225 2461 apparent,
256 2381 298 2440 ita
327 2381 418 2440 etiam
448 2380 524 2440 deus
547 2380 759 2463 intellectualis
782 2383 916 2443 iustitiae
940 2387 1002 2460 sol,
1037 2389 1089 2447 ubi
1111 2388 1172 2463 pri-

59 2482 143 2529 mum
172 2468 267 2528 menti
296 2471 381 2527 ortus
414 2471 476 2538 est,
515 2471 603 2543 prout
634 2468 700 2542 capi
732 2483 751 2526 a
780 2469 952 2530 conditione
979 2474 1046 2547 ipse
1077 2477 1170 2551 novit,

48 2554 194 2615 omnium
229 2569 292 2613 una
329 2568 433 2612 secum
468 2558 498 2611 et
525 2553 774 2619 intellectualium
804 2561 834 2614 et
864 2560 1052 2619 sensualium
1081 2577 1171 2620 veras

60 2640 196 2701 rationes
233 2639 296 2699 vult
330 2627 487 2715 apparere.
556 2626 831 2716 Quod'stgnifioat
864 2642 978 2704 domini
1008 2647 1038 2704 in
1069 2652 1172 2707 monte
1277 2688 1280 2695 ·

59 2726 270 2806 bansrignrati
289 2727 421 2794 uestium
445 2741 525 2800 qnae
547 2725 636 2785 laciei
660 2727 725 2786 eius
749 2727 911 2801 splendore
932 2732 1077 2794 lucebunt
1099 2751 1173 2796 con-

60 2814 164 2875 iuncta
192 2813 340 2888 ostentio,
378 2828 445 2871 curn
477 2812 524 2871 dei
554 2828 659 2872 eorum
690 2814 778 2872 etiarn
803 2830 883 2889 qnae
905 2824 974 2892 post
997 2837 1066 2882 eum
1090 2828 1172 2892 sunt,
1198 2876 1201 2881 ,

59 2904 91 2963 nt
112 2904 202 2977 pute,
232 2900 472 2968 moirencum,
504 2899 709 2974 cognitionem
733 2890 908 2962 concilians.
963 2905 1069 2982 Neque
1092 2910 1172 2967 enim

59 2988 126 3047 sine
157 2984 229 3046 lnce
256 2985 364 3045 oculus
387 2984 559 3057 sensualia,
594 3000 693 3058 neque
716 3002 804 3045 mens
827 2991 894 3048 sine
917 2993 1089 3068 cognitione
1112 2994 1171 3069 dei,

59 3071 345 3147 contemplationem
375 3070 561 3146 spiritualem
592 3087 701 3145 capere
731 3076 841 3146 potest.
898 3074 960 3135 lllic
991 3081 1069 3139 enim
1093 3081 1172 3140 visui

59 3159 110 3221 lux
138 3158 303 3219 visibilium
333 3158 558 3234 perceptionem
581 3148 723 3231 praebet,
754 3162 845 3232 atque
868 3161 917 3219 bic
940 3167 1030 3224 menti
1054 3165 1171 3225 intelle·

59 3244 205 3307 amelium
224 3244 429 3325 cognitionem
454 3242 502 3302 dei
528 3243 656 3329 scientia
680 3243 780 3301 donat.

58 3448 329 3551 Contemplatio
352 3451 454 3525 modi
478 3473 550 3548 quo
575 3445 710 3523 Adami
733 3449 971 3549 transgressio
996 3449 1092 3522 facta
1114 3449 1170 3522 sit

165 3598 313 3660 Nimirum
343 3603 373 3658 in
403 3601 534 3659 divinam
557 3599 637 3658 hanc
659 3599 760 3660 lucem
783 3601 903 3659 oculum
928 3601 1050 3658 animae
1074 3598 1170 3657 Adam

58 3703 192 3764 proavus
211 3702 273 3746 non
293 3678 391 3765 figens
412 3703 489 3746 sane
503 3686 533 3742 in
550 3685 671 3745 modum
690 3688 773 3745 caeci
787 3688 817 3744 in
832 3687 1023 3764 ignorantiae
1040 3686 1171 3744 tenebris

58 3775 211 3835 ambabus
239 3775 379 3833 manibus
408 3773 554 3834 materiae
582 3778 818 3850 purgamentum
849 3779 956 3848 sponte
980 3777 1172 3831 contrectans

58 3860 115 3920 soli
144 3860 252 3921 sensui
283 3876 354 3920 sese
377 3864 471 3920 toturn
494 3858 651 3918 inclinavit
674 3865 704 3918 et
727 3859 866 3930 tradidit,
898 3875 952 3934 per
975 3872 1064 3931 quem
1088 3873 1173 3917 acer·

57 3947 206 4007 bissimae
235 3947 351 4006 bestiae
380 3962 498 4005 veneno
528 3944 610 4005 letali
640 3951 762 4020 recepto
791 3962 847 4005 nec
870 3946 982 4020 ipsius,
1012 3949 1045 4004 ut
1068 3943 1171 4017 voluit,

58 4048 174 4093 sensus
204 4031 336 4093 fructum
365 4032 487 4102 habuit,
522 4030 593 4090 dum
624 4035 711 4090 extra
740 4028 845 4106 deum,
881 4038 908 4091 et
937 4045 1009 4106 prae
1039 4032 1112 4104 deo,
1143 4036 1174 4090 et

49 4134 120 4195 ¹nou
143 4118 314 4181 secuudum
337 4119 444 4192 deum,
469 4116 549 4192 quod
571 4117 636 4176 fieri
659 4133 720 4176 non
743 4120 857 4194 potuit,
888 4117 936 4176 dei
959 4117 1050 4177 rebus
1072 4117 1173 4176 illicite

57 4206 146 4281 potiri
170 4202 283 4264 studet.
327 4205 402 4264 Nam
427 4221 495 4264 eum
519 4218 660 4276 sensum,
692 4204 743 4278 qni
766 4210 938 4279 serpentem
958 4205 1056 4280 magis
1080 4218 1170 4277 quarn

56 4291 151 4352 «lenm
183 4292 215 4349 ln
245 4292 404 4351 consilium
435 4290 569 4359 vocavit,
604 4290 785 4364 recepisset,
820 4306 856 4349 ac
889 4290 927 4350 de
958 4292 1048 4349 vetito
1078 4290 1169 4365 ligno,

57 4378 148 4437 cuius
171 4377 262 4436 etiam
284 4376 414 4438 boatum
437 4376 623 4436 mortiferum
647 4391 717 4435 esse
739 4376 903 4448 didicerat,
934 4376 1170 4454 degustavisset
1227 4407 1235 4420 ·
