2752 4778
218 218 288 291 396
1336 39 1360 373 Ι

216 399 298 485 πρὸς
320 396 510 504 ἀνθρώπους
533 404 589 506 τρῦ
611 403 693 464 θεοῦ
715 399 813 482 λόγου
836 399 1110 512 συγκαταβάσεως
1135 401 1176 467 τδ
1192 405 1322 514 96766696

217 483 351 597 φρικτόν
380 483 432 550 666
463 483 582 567 σαρκδς
609 483 758 564 ἐτελέσθη
778 485 973 597 μυστήριον,
1003 479 1093 553 ἐν
1062 513 1091 575 ῳ
1117 491 1179 567 τῆς
1199 489 1246 565 είς
1264 486 1324 595 6669

216 570 376 678 εδσεβείας
405 569 549 653 ἐδωρήθη
580 581 646 646 τοῖς
674 567 861 675 οἷνθρφύποις
884 572 919 638 τδ
943 552 1145 676 φληθές,“
1121 599 1208 660 οπερ
1232 572 1322 640 666
1299 600 1323 642 τι

216 662 323 724 πάσαν
351 657 548 739 ἐκβεβηκέναι
578 655 702 741 φύσεως
727 656 816 732 τάξιν
837 665 891 722 καὶ
914 657 1060 742 δύναμιν.
1106 664 1159 764 τῷ
1179 664 1242 744 μέν
1260 665 1325 747 θείη

217 749 269 808 καί
292 747 344 822 τῆς
366 749 459 818 θείας
474 741 575 852 μύστη
594 767 626 808 τε
642 748 696 807 καί
712 749 909 854 μυσταγωγοῦ
928 723 1221 854 69696676669666
1225 751 1326 856 σρφίτς

217 827 335 914 Παύλῳ
349 854 392 915 τῳ
378 827 531 936 μεγάλῳ
546 810 718 916 ύποστόλῳ
730 854 837 940 99966
850 835 1027 912 ωνομασθη
1049 835 1141 896 θεοῦ
1165 837 1222 897 καί
1245 829 1326 898 6666

217 940 301 1024 νειφ,
318 891 427 978 666
396 940 449 993 την
468 892 779 1018 ύπερβάλλουσάν
744 941 835 998 οιμαι
854 923 975 1001 σοφίαν
988 943 1043 982 και
1033 916 1216 1023 δύναμιν.
1247 920 1326 1025 666

217 1001 376 1111 θεόφρφνι
399 998 524 1086 μεγάλῳ
548 1005 576 1063 Γ
555 1026 719 1109 ρηγοριω
737 1007 884 1084 παίγνιον
909 1002 1182 1110 προςηγορεύθη,
1213 981 1312 1067 666
1285 1029 1327 1081 την

54 1084 475 1191 ιεοιιιιαπύπερβάλλουσαν
498 1086 662 1196 φρόνησιν.
709 1081 828 1169 Ὃμέν
844 1086 911 1197 γάρ
935 1113 1029 1173 φησι,
1063 1087 1117 1154 Τό
1149 1087 1265 1173 μωρόν
1283 1091 1328 1153 τοῦ

217 1178 298 1238 θεοῦ
326 1172 511 1285 σοφώτεροι
540 1176 601 1237 τάν
630 1171 854 1281 άνθριόπων
840 1181 922 1250 εστὶ,
957 1181 1011 1239 καὶ
1042 1173 1077 1239 τδ
1112 1173 1259 1252 ἀσθενὲς
1282 1178 1328 1283 696

216 1261 339 1324 θεοῦ
327 1258 533 1370 ισχυρότεροι
562 1262 622 1332 τιῦν
651 1255 874 1343 άνθράπων
860 1265 944 1325 εστί
982 1256 999 1325 6
1031 1264 1084 1338 66,
1128 1262 1249 1340 Παίζει
1277 1259 1327 1370 γάρ

216 1345 312 1428 λόγος
337 1346 434 1453 μίπύς
463 1343 495 1409 ἐν
524 1344 621 1410 είδεσι
644 1349 898 1452 παντοδαποῖσι,
929 1342 1098 1433 Κρίνας
1072 1372 1120 1451 ως
1145 1347 1260 1414 ἐθέλοι
1280 1345 1327 1413 κύ·

217 1454 299 1543 6996
332 1430 386 1497 ε’δν
421 1431 502 1496 ἔνθα
531 1437 584 1494 καί
614 1429 709 1495 ἐνθα·
747 1429 899 1539 ἑκάτερος
923 1435 959 1521 τῇ
989 1431 1144 1536 στερήσει
1175 1438 1240 1499 τιῦν
1265 1430 1326 1540 παρ’

217 1514 290 1602 ἧμίν
316 1524 495 1627 κρατίστων
523 1521 645 1583 θέσεων
675 1515 728 1595 666
756 1522 851 1581 θείαν
885 1499 1127 1601 ἐνδεικνύμενος
1162 1519 1247 1602 ἕξιν,
1281 1524 1324 1585 καί

217 1615 286 1680 ταῖς
307 1600 491 1686 άποφάσεσι
516 1605 576 1667 τιῦν
595 1598 770 1711 ἡμετέρων
775 1602 967 1714 πριούμειρς
990 1603 1043 1682 τη“ν
1066 1607 1134 1669 τῶν
1155 1611 1259 1672 θείων
1279 1631 1324 1670 κα-
1350 1590 1359 1669 6

218 1689 365 1792 τάφασιν
418 1690 545 1797 M9696'6
567 1687 627 1770 γάρ
657 1685 731 1772 παρ’
754 1684 828 1796 ἥμῖν
850 1694 904 1753 καὶ
927 1684 1081 1754 οἷσθένεια
1106 1697 1166 1756 καὶ
1183 1674 1356 1824 παίγνιον,

218 1773 380 1858 στερήσεις
401 1774 497 1849 εἰσὶν,
531 1770 546 1852 6
568 1779 627 1858 μὲν
645 1781 784 1879 φοφίας,
811 1770 828 1853 6
852 1779 886 1839 66
909 1773 1128 1884 δυνάμεως,“
1111 1803 1130 1854 η
1157 1780 1193 1842 66
1216 1801 1322 1887 φρονη-

215 1885 312 1936 σεως,
346 1859 397 1924 ἐπὶ
421 1862 502 1924 θεοῦ
522 1824 556 1923 66
578 1860 744 1968 λεγόμεναι
768 1867 887 1945 σοφίας
908 1866 961 1925 καί
985 1861 1152 1971 δυνάμεως
1175 1870 1231 1928 καὶ
1228 1887 1322 1974 999·

219 1946 335 2028 κη’σεως
356 1941 533 2032 ύπερβολην
556 1951 667 2031 σαφοῦς
688 1943 909 2025 ῦποδηλοῦσιν.
961 1947 1009 2011 Εί
1025 1973 1055 2012 τι
1078 1974 1146 2013 οιιν
1159 1945 1240 2057 παρ’
1262 1946 1322 2033 ἦμίν

217 2032 296 2100 κατὰ
326 2035 473 2141 στέρησιν
500 2036 641 2115 λέγοιτο,
672 2032 725 2098 ἐπὶ
754 2036 834 2098 θεοῦ
842 2032 1031 2144 λεγόμενοι
1060 2031 1130 2109 ἐξιν
1154 2032 1321 2114 ύποδηλοῦν

218 2120 341 2195 πάντως
363 2117 552 2204 ἐκδέχεσθαι
576 2123 715 2228 δίκαιον,
740 2124 793 2184 καὶ
816 2117 852 2183 τδ
875 2119 1028 2202 ἐμπαλιν,
1057 2119 1094 2184 εἶ’
1109 2146 1141 2184 66
1166 2147 1247 2229 κατρι
1235 2120 1320 2197 ἕξιν

56 2227 103 2266 νει
117 2221 206 2265 ανον·
218 2203 266 2293 69³
288 2201 375 2290 ἧμιῦν
395 2203 607 2291 λέγοιτο,Ι
594 2210 646 2268 επὶ
669 2207 750 2270 θεοῦ
772 2208 919 2289 στέρησιν
942 2204 1051 2269 666
1018 2231 1072 2312 τηρ
1095 2202 1319 2316 6669026966·

148 2299 151 2304 ’
217 2296 371 2377 δέχεσθαι
402 2295 516 2371 δηλοῦν
544 2294 818 2401 πρεπωδέστατον.
869 2290 919 2355 Αἱ
940 2289 1000 2378 γδιρ
1024 2295 1086 2356 τῶν
1109 2289 1253 2359 θείων”
1212 2318 1318 2404 οπερ-

215 2383 311 2461 βολαί
334 2383 387 2443 καί
410 2376 487 2442 κατὰ
510 2380 657 2484 στέρησιν
680 2373 759 2442 δί’
739 2375 937 2488 αντιφάσεως
957 2371 1129 2489 λεγόμεναι
1148 2405 1215 2488 παρ
1246 2375 1318 2461 6966

217 2463 391 2530 ἀποδέουσι
421 2463 503 2528 πολι)
534 2468 585 2542 τῆς
614 2456 755 2542 άληθοῦς
777 2460 857 2528 καθ’
881 2463 968 2528 δυ’
940 2488 1004 2529 εισι
1025 2463 1170 2573 λόγον
1155 2465 1316 2576 εμφάσεως

217 2551 258 2616 Εἰ
288 2554 322 2615 66
350 2555 444 2615 τοῦτο
474 2549 553 2615 κατά
583 2549 638 2615 τόν
667 2548 776 2615 εἷκότα
806 2549 945 2659 λόγον
932 2556 1018 2616 εστίν
1044 2547 1168 2630 άληθές
1198 2549 1249 2634 (οῦ
1269 2550 1316 2635 γάρ

217 2642 383 2722 συμβαίνει
416 2635 544 2701 πάποτε
579 2635 615 2701 τά
643 2641 720 2701 θεία
749 2645 816 2712 τοῖς
844 2632 1094 2746 άνθρωπίνοις),
1132 2633 1197 2723 δι’ρα
1225 2643 1316 2742 μωρία

219 2727 297 2790 θεοῦ
325 2729 379 2788 καὶ
409 2719 565 2789 άσθένεια
593 2722 671 2788 κατὰ
699 2721 753 2826 τόν
776 2721 868 2805 άγιον
889 2719 1074 2788 οἷπόστολον
1082 2727 1250 2833 Παῦλον,
1275 2727 1316 2789 καὶ

217 2816 366 2912 παίγνιον
399 2813 480 2873 θεοῦ
515 2807 593 2874 κατά
618 2811 648 2871 Γ
625 2833 798 2916 ρηγοοιον
833 2807 889 2872 τόν
921 2807 1112 2892 θαυμαστόν
1149 2817 1205 2875 καὶ
1233 2814 1317 2916 μέγαν

218 2892 426 2975 διδάσκαλον,
460 2893 496 2959 66
531 2892 708 2999 μυστήριόν
742 2892 808 2960 ἐστι
843 2897 895 2974 τῆς
923 2899 1016 2969 θείας
1047 2895 1316 3004 ε’νανθρωπῆσεινς,

219 2977 261 3058 άις
289 2977 391 3089 πάρης
420 2977 542 3087 φύρεως
564 2979 724 3142 δυνάμεως
746 3005 777 3046 τε
800 2985 854 3045 καὶ
877 2978 1034 3089 ἐνεργείας
1059 2985 1171 3086 πᾶσαν
1195 2979 1316 3066 ῦπεροο·

219 3074 296 3143 σίως
333 3065 500 3149 ἐκβεβηκὸς
534 3065 623 3142 τάξιν
656 3072 709 3131 καὶ
736 3064 918 3176 ἁρμονίαν,
953 3066 1033 3149 δπερ
1064 3068 1223 3175 πνεύματι
1250 3072 1317 3153 θείη

217 3149 390 3241 πόρρωθεν
423 3151 502 3218 κατά
532 3157 605 3219 νοῦν
637 3151 839 3263 θεασάμενος
865 3159 919 3218 καὶ
946 3150 1132 3236 μυηθεὶς
1113 3181 1132 3223 ο
1163 3154 1318 3256 θειότατος

218 3244 341 3348 Δαβὶδ,
373 3246 426 3305 καὶ
455 3233 525 3305 οἷον
556 3239 609 3320 666
639 3243 696 3304 τοῦ
726 3235 909 3305 άποστόλου
939 3242 1110 3322 λεγομένην
1142 3239 1196 3306 666
1221 3238 1318 3325 66696

220 3350 299 3402 σεως
321 3322 582 3440 ύπερβάλλουσαν
605 3325 668 3402 ἕξιν
692 3329 748 3391 τοῦ
770 3330 851 3391 θεοῦ
870 3324 1132 3430 πρφερμηνεύων,
1160 3325 1318 3404 Ἰουδαίων,

220 3415 331 3517 σαφῶς
361 3407 467 3496 οἶμαι,
498 3417 679 3522 κμτμβοιῦν,
707 3409 757 3476 Ἐν
787 3417 830 3476 666
858 3410 976 3492 πλήθει
1007 3415 1061 3491 τῆς
1090 3414 1252 3523 δυνάμεως
1270 3436 1318 3478 σου

55 3521 126 3560 που
140 3518 190 3570 οε.
186 3518 198 3542 ν
199 3497 395 3585 ,ψεύσονταί
423 3522 458 3563 σε
488 3499 521 3564 οἱ
550 3499 669 3584 ἐχθροί
695 3524 766 3564 σου.
818 3503 889 3575 Πᾶς
918 3495 977 3584 γάρ
1007 3495 1186 3580 ἄνθρωπος
1214 3495 1319 3608 ἐγθρδς

219 3586 341 3661 πάντως
369 3589 424 3650 τοῦ
451 3589 532 3651 θεοῦ
560 3593 613 3651 καί
642 3584 779 3694 ψεύστης
807 3582 972 3669 προδηλως
1000 3588 1202 3651 καθίσταται
1230 3611 1247 3651 ο
1274 3609 1318 3649 τοι
1351 3533 1360 3762 1

219 3671 298 3738 θεόν
320 3675 366 3756 τῷ
387 3671 482 3779 νόμῳ
498 3676 549 3780 τῆς
573 3671 696 3757 φύσεως
718 3668 861 3778 άμαθιῦς
872 3696 903 3735 τε
921 3675 974 3735 καὶ
994 3665 1117 3780 άσεβῶς
1136 3677 1317 3772 περικλείων,

218 3763 272 3824 καὶ
302 3734 482 3833 6666666‘
464 3763 545 3864 9669
576 3759 673 3865 φύσιν
703 3757 735 3821 ἐν
757 3767 824 3832 τοίς
848 3752 908 3820 6666
932 3755 1030 3838 φύσιν
1053 3752 1222 3835 ούσιωδάις
1241 3753 1317 3862 γεγό·

216 3870 314 3952 μεναγ
336 3842 372 3948 τά
397 3842 475 3909 κατὰ
499 3842 595 3951 96966
615 3840 656 3918 άις
675 3840 778 3908 πάντα
796 3842 999 3951 δυνάμενοι
983 3847 1157 3951 ενεργῆραι
1175 3841 1318 3912 πιστεύειν

215 3929 258 4013 ,666
283 3927 482 4038 άργόμενος
512 3929 601 3994 Ούτω
624 3934 683 4011 μὲν
706 3922 761 3993 066
784 3927 862 4037 6966
882 3934 959 4011 μίαν
978 3927 1134 4040 ἐπιβολὴν
1155 3935 1231 4007 τέως
1246 3936 1318 3996 666·

217 4022 313 4099 ρῆσαι
337 4015 372 4080 66
395 4013 505 4123 μωρόν
528 4020 584 4081 τοῦ
606 4019 687 4080 θεοῦ
709 4022 762 4080 καὶ
785 4015 821 4080 66
839 4011 975 4124 άφθενές
992 4020 1047 4079 καὶ
1065 4023 1236 4098 παίγνιον,
1254 4040 1318 4083 στο-

216 4106 374 4188 χαστικαῦς
395 4098 412 4167 6
436 4101 530 4185 λόγος
552 4101 722 4210 ἐτόλμησε,
742 4098 822 4183 μεθ’
846 4094 889 4166 666
907 4099 1215 4183 παρεκβατικαῦς,ι
1193 4129 1235 4178 ως
1248 4125 1360 4212 699⁴

217 4194 359 4273 θεωρίαν
390 4186 680 4271 παραδειγματικίην
708 4191 765 4251 τοῦ
793 4184 1178 4298 προτεθέντρςάπόρου,
1205 4184 1318 4264 κοίτην

218 4252 359 4382 άβυόσρν
383 4273 436 4352 τὴν
459 4273 706 4383 ἐπικαλουμένην
728 4273 781 4352 666
798 4271 939 4378 6696606
959 4272 1004 4348 εἷς
1024 4276 1134 4388 φωνην
1155 4280 1216 4342 τῶν
1234 4279 1319 4340 θείαν

218 4356 443 4446 καταρρακτοῦν
477 4356 635 4442 λαβὼν(
618 4387 635 4425 ο
672 4359 767 4443 λόγος
796 4363 868 4425 νοῦν
897 4358 1075 4443 γνωστικδν
1103 4355 1187 4428 εἶναι
1215 4365 1318 4446 σοφίαι
1358 4387 1360 4417 ι
