2752 4778
1177 211 1249 283 399

120 395 254 454 :riorum
284 407 363 470 quae
391 395 485 455 insint
513 397 542 453 in
573 393 675 454 divina
703 400 733 454 et
761 395 903 456 ineffabili
926 395 1187 457 condescensione
1210 401 1251 456 si-

120 480 363 556 ignificationem
392 480 494 540 edidit.
540 482 679 556 Abyssus
703 483 784 541 enim
807 488 837 542 et
859 484 965 558 abyssi
988 483 1074 544 locus
1098 486 1251 544 communi

120 568 263 627 nomine
292 567 476 643 appellatur,
510 567 597 627 locus
628 583 700 626 vero
730 567 848 629 divinae
872 570 1042 644 sapientiae
1064 585 1138 644 pura
1163 586 1250 630 mens

120 660 195 723 ast.
248 653 351 728 ltaque
381 669 449 714 curn
481 652 518 712 ad
548 653 752 729 recipiendum
784 661 856 731 apta
885 662 934 716 est
962 658 1094 732 abyssus
1123 657 1251 740 positive

120 746 188 799 at
196 755 302 815 mens,
334 745 364 800 et
395 741 544 815 sapientia
575 755 680 801 rursus
711 739 819 802 eadem
849 747 970 818 propter
999 758 1087 803 sunm
1110 736 1263 802 naturam

120 824 317 901 appellatur

131 1028 267 1104 Altera
293 1031 331 1103 in
358 1030 457 1104 idem
484 1030 755 1130 contemplatio.

248 1182 315 1241 Alio
352 1189 453 1242 autem
491 1185 676 1258 propositam
715 1186 923 1257 quaestionem
954 1186 1130 1243 examinare
1161 1183 1251 1243 modo

123 1284 206 1329 cum
231 1269 279 1328 dei
303 1271 417 1346 gratia,
441 1269 699 1342 coniecturaliter,
731 1286 790 1328 non
814 1269 961 1330 affirmate
990 1269 1060 1349 (hoc
1083 1270 1163 1329 enim
1186 1286 1251 1329 mo-

121 1355 278 1428 destum,
319 1355 391 1415 iliud
429 1360 601 1430 protervum
638 1356 717 1434 est),
760 1357 913 1430 praesenti
950 1371 1090 1414 sermone
1125 1355 1251 1432 aggredi

120 1441 305 1513 audemus,
331 1446 501 1500 statuentes
524 1441 691 1501 mediorum
714 1443 845 1502 tortasse
868 1443 1113 1517 prominentiam,
1136 1457 1252 1515 aequa·

120 1527 229 1587 bilem
260 1527 423 1588 habentem
454 1530 492 1586 ab
524 1529 765 1588 extremitatibus
795 1528 987 1599 distantiam,
1024 1529 1123 1587 lusum
1155 1528 1204 1587 dei
1233 1544 1250 1587 a

120 1630 254 1690 magno
284 1613 408 1673 doctore
438 1631 509 1674 esse
531 1615 658 1684 dictam,
692 1616 729 1674 ob
752 1614 947 1676 fluctuantem
971 1631 1076 1675 earum
1101 1619 1131 1672 et
1153 1621 1251 1674 muta-

120 1700 230 1759 bilem
255 1703 432 1776 stationem,
468 1701 514 1760 vel
539 1703 654 1776 potius,
687 1702 767 1775 quod
792 1703 890 1778 magis
914 1703 1034 1777 proprie
1056 1707 1118 1775 est,
1149 1701 1252 1760 dicen·
1317 1733 1319 1737 >

120 1787 227 1859 dum,
264 1788 302 1846 ob
332 1787 470 1846 stabilem
502 1786 738 1847 fluctuationem.
793 1787 824 1846 ld
848 1789 1041 1863 quodetiam
1066 1788 1173 1847 mirum
1197 1793 1252 1856 est,

120 1873 311 1933 stationem·
325 1873 428 1933 ridere
451 1887 570 1947 semper
591 1872 790 1933 fluctuantem
815 1880 845 1933 et
866 1874 1035 1944 labentem,
1071 1878 1101 1932 ct
1123 1873 1252 1933 linctum

120 1960 253 2018 tionem
284 1973 405 2033 semper
434 1959 589 2033 mobilem,
621 1959 746 2035 provide
769 1975 872 2018 eorum
898 1958 1157 2019 emendandarum
1183 1973 1252 2034 gra-

120 2048 176 2105 tia
209 2043 354 2104 divinitus
384 2046 588 2122 excogitatam
619 2060 698 2118 quae
728 2046 995 2115 administrantur,
1030 2060 1109 2118 qrrare
1132 2044 1252 2103 erudire

122 2128 336 2205 eruditosque
366 2131 404 2190 ad
436 2132 616 2206 sapientiam
647 2131 799 2191 deducere
827 2137 949 2207 posset,
985 2137 1019 2189 ut
1048 2146 1133 2205 spem
1164 2145 1251 2191 suam

127 2217 212 2278 alibi
247 2217 457 2277 collocandam
494 2218 709 2290 transferrent,
749 2224 840 2292 atque
870 2219 899 2276 in
931 2219 990 2277 line
1018 2217 1086 2276 eius
1117 2218 1146 2274 in
1176 2217 1252 2291 ipsis

126 2303 278 2380 mysterii
305 2302 344 2363 ad
375 2303 463 2363 deum
494 2303 667 2364 inclinando
696 2304 819 2363 tirmiter
845 2319 879 2362 se
902 2320 955 2378 per
978 2305 1107 2379 gratiam
1130 2301 1253 2362 deifica·

126 2397 203 2450 tum
235 2389 269 2446 iri
298 2388 466 2449 crederent..
525 2389 622 2449 Media
653 2395 752 2450 autem
782 2391 849 2451 dico
872 2405 1077 2464 eorumquae
1100 2388 1146 2447 vel
1170 2404 1253 2448 nunc
1358 2401 1361 2405 ·

129 2475 296 2535 hominem
324 2477 461 2536 comitari
491 2475 646 2546 videntur,
681 2477 729 2536 vel
756 2478 787 2536 in
814 2477 928 2552 quibus
958 2475 1050 2536 horno
1081 2481 1144 2548 cst,
1180 2491 1253 2535 con·

132 2563 390 2637 summationem,
420 2562 628 2623 extremitates
658 2568 765 2622 contra
794 2578 898 2624 eorum
928 2577 1007 2636 quae
1029 2578 1089 2621 non
1113 2560 1253 2621 videntur

133 2664 198 2709 uec
231 2653 381 2723 apparent
409 2662 547 2722 quaeque
574 2649 741 2708 certissime
763 2650 834 2709 olim
859 2649 1039 2709 comitatura
1061 2653 1134 2707 sunt
1155 2647 1254 2707 homi·

133 2749 210 2796 uam
235 2735 453 2807 substantiam,
485 2747 563 2808 quac
586 2736 707 2810 proprie
730 2751 767 2795 ac
789 2751 860 2795 vere
884 2735 1053 2796 secundum
1068 2731 1250 2794 ineffabilem

133 2828 168 2882 at
198 2816 397 2896 principalem
428 2820 519 2880 finem
549 2827 580 2881 et
609 2823 754 2882 rationem
786 2822 907 2883 divinae
936 2823 1081 2883 bonitatis
1113 2820 1253 2882 instituta

136 2902 235 2980 atque
264 2906 344 2966 facta
374 2913 454 2967 sunt.
510 2907 773 2980 Quemadmodum
803 2911 926 2984 sapiens
955 2908 1158 2968 Ecclesiastes
1187 2922 1253 2966 ma·

136 3007 236 3071 guum
264 2998 296 3052 et
324 2992 439 3053 clarum
466 2994 590 3053 animae
620 2994 740 3054 oculum
770 2994 800 3053 in
824 3010 928 3054 eorum
959 3010 1037 3068 quae
1061 2995 1202 3054 videntur
1224 3001 1254 3052 at

136 3078 290 3141 fluctuant
312 3080 539 3156 generationem
564 3085 763 3150 convertens,
793 3085 823 3140 et
845 3081 933 3154 quasi
956 3081 985 3140 iu
1008 3081 1126 3139 visione
1149 3094 1252 3138 eorum

136 3179 221 3241 quac
243 3180 314 3224 vere
337 3170 409 3226 sunt
431 3164 552 3224 condita
575 3171 666 3241 atquc
689 3165 770 3225 lacta
792 3167 973 3225 constitutus
996 3166 1053 3236 ait,
1088 3163 1182 3238 ,Quid
1205 3170 1255 3224 est

130 3249 223 3326 quod
251 3249 331 3311 iuit‘?
392 3250 493 3327 ipsum
525 3252 606 3326 quod
635 3252 768 3312 iutumm
792 3257 866 3324 est‘,
898 3256 943 3327 et,
982 3249 1078 3325 ,Quid
1102 3256 1149 3310 est
1173 3249 1253 3324 quod

135 3336 254 3398 facttum
277 3335 348 3397 esti
392 3336 495 3412 ipsum
521 3338 601 3437 quod
626 3338 712 3399 riet‘:
747 3354 851 3399 eorum
876 3337 1016 3398 videlicet
1038 3352 1154 3396 memor
1175 3351 1258 3411 quae

136 3424 169 3482 in
203 3422 352 3498 principio
384 3436 524 3498 quaeque
553 3425 583 3482 in
615 3424 675 3485 smc
703 3430 791 3495 sunt,
827 3430 859 3485 ut
887 3438 968 3498 quae
996 3422 1102 3483 cadem
1137 3424 1197 3482 sint
1224 3427 1255 3481 ct

137 3522 249 3570 revera
277 3509 354 3579 sint,
385 3524 453 3569 cum
484 3525 590 3570 eorum
613 3516 719 3571 contra
742 3526 823 3586 quae
844 3511 873 3568 in
898 3510 998 3570 madio
1021 3514 1093 3569 sunt
1114 3511 1145 3567 et
1166 3523 1255 3583 prae·

136 3598 262 3655 tereunt
292 3594 376 3655 nullo
404 3596 445 3654 ibi
468 3595 559 3655 modo
581 3597 759 3658 meminerit.
812 3595 974 3672 Postquam
994 3597 1074 3655 enim
1097 3596 1254 3672 magister,

138 3679 222 3757 quod
251 3680 317 3756 ipse
347 3682 526 3755 praesertim
557 3685 682 3760 egregie
702 3687 846 3758 poterat,
876 3682 915 3742 de
944 3681 1092 3758 peculiari
1120 3679 1253 3755 quadam
1306 3746 1307 3749 Ἴ

137 3766 316 3828 animalium
340 3771 370 3827 et
392 3767 528 3842 lapidum
551 3773 676 3840 natura,
700 3785 737 3828 ac
758 3768 934 3844 simpliciter
957 3767 995 3828 de
1018 3767 1118 3827 multis
1140 3766 1255 3826 infinite

138 3867 221 3928 quaa
250 3852 281 3911 iu
309 3853 402 3912 rebus
425 3854 628 3914 existentibus
651 3857 854 3916 observantur
877 3854 1058 3930 disputavit,
1089 3852 1138 3912 his
1161 3851 1254 3920 addit,

139 3936 249 4014 ,Ludit
275 3938 358 3999 enim
387 3954 505 4000 samma
535 3941 612 4001 ratio
642 3942 673 3998 in
704 3941 808 4001 formis
839 3940 1039 4010 omnimodis,
1069 3937 1254 3999 Discernere

139 4021 277 4101 qualibet
308 4024 454 4085 mundum
485 4041 574 4086 suum
598 4026 669 4086 hinc
693 4033 724 4087 ct
748 4027 850 4088 illinc.¹
909 4025 1016 4087 Nonne
1038 4027 1128 4103 igitur
1151 4023 1255 4085 simill-

138 4117 187 4172 tar
221 4114 314 4185 atquc
347 4112 413 4186 ipse
443 4112 473 4171 in
504 4127 645 4174 sermone
673 4129 783 4174 sacrae
810 4113 1025 4186 Pentecostes,
1068 4110 1105 4171 dc
1135 4110 1197 4171 deo
1224 4115 1256 4171 et

140 4195 264 4259 medita
292 4202 403 4259 natura
433 4196 610 4272 disserens,
639 4199 697 4275 ait,
734 4197 903 4274 ,Quamdiu
925 4204 1053 4273 uterquc
1074 4198 1105 4256 in
1126 4197 1284 4273 propulit.

139 4282 304 4362 manserit,
329 4282 406 4344 deus
429 4281 546 4345 scilicet
566 4284 597 4343 ln
621 4299 680 4349 sua
702 4285 846 4361 specula,
869 4289 900 4346 ct
917 4285 1009 4347 homo
1030 4284 1063 4344 in
1085 4281 1256 4345 humilitate

140 4385 215 4446 sua,
247 4385 305 4429 uec
328 4369 448 4430 bonitas
473 4369 662 4442 miscebitur,
693 4386 750 4430 nec
773 4372 946 4448 benignitas
976 4369 1254 4444 communicabitur,
