2752 4778
1161 198 1234 281 tat

120 394 271 457 >tumbo-
285 392 403 454 dierum
417 396 456 453 et
477 392 558 452 vitae
579 390 640 453 dne
663 396 755 452 caret.
801 389 873 452 Sine
895 395 1009 463 matre,
1037 395 1160 469 propter
1182 393 1238 454 im·

120 472 301 551 puericie·
309 484 348 541 et
372 478 564 580 incorporale
593 483 623 539 et
651 476 743 555 plane
772 478 960 579 incognitum
983 479 1149 539 nativitatis
1171 481 1237 540 eius

120 562 276 645 exopatre
296 571 437 639 aeterb03
468 566 545 625 sine
557 569 659 641 patre,
689 568 812 641 propter
834 565 900 625 eius
923 565 954 623 in
976 564 1036 625 hac
1059 571 1141 626 terra
1162 571 1238 626 tern—

120 646 280 733 μῶυ·-
276 668 339 714 ae
344 650 535 728 corporalem
557 664 601 712 ex
618 656 714 712 matre
737 652 981 730 generationem,
1010 653 1097 712 cuius
1127 664 1240 713 secun:

120 740 213 803 dnm'·
218 726 464 817 nbncaptlonem
478 742 509 797 et
531 752 636 799 semen
659 736 866 798 instituendae
896 752 995 818 genus
1027 754 1087 797 non
1110 743 1238 801 secutus

120 814 198 905 atr
225 826 320 889 sine‘*
312 836 458 903 ”genere
480 823 626 900 denique,
662 828 698 884 ut
731 824 893 897 utriusque
926 826 1134 902 generationis
1163 842 1239 887 suae
1322 889 1338 915 ο

120 912 230 977 nodo·
236 911 510 995 ambibusiplane
539 912 619 970 invio
649 914 680 970 et
700 909 999 985 incomprehensibili
1021 928 1108 973 usus.
1152 910 1237 1012 Quod

120 996 229 1063 merit
259 1000 415 1075 principio
433 997 550 1058 dierum
580 1001 611 1056 et
639 998 719 1057 vitae
749 997 809 1056 line
840 1001 938 1071 caret,
910 997 1038 1058 thoc
1068 998 1139 1073 quia
1170 999 1239 1059 sine

120 1064 227 1159 imita
240 1098 296 1145 ιιι·
289 1084 367 1183 ἰιι
395 1090 463 1159 est,
490 1100 526 1145 ac
555 1098 682 1160 prorsus
704 1082 854 1159 infinitus,
883 1089 989 1159 utpote
1012 1089 1121 1145 natura
1144 1085 1237 1161 deus3
1287 1104 1290 1109 ·

120 1154 248 1237 mot?
241 1158 351 1233 reid
360 1170 538 1231 sacerdos
529 1186 560 1231 ιι
583 1178 758 1241 aeternum,
788 1171 859 1244 quia
881 1170 966 1230 nulla
988 1176 1085 1232 morte
1106 1170 1239 1233 malitiae

121 1246 320 1321 educere
313 1243 459 1318 existere
488 1256 616 1327 desinit,
645 1260 750 1333 utpote
777 1255 855 1316 deus
886 1259 1046 1333 omnisque
1068 1259 1107 1318 de
1129 1263 1238 1319 natura

121 1328 413 1429 ιιὲιιιιιιιιιυιιιιιι
409 1343 555 1421 largitor.
600 1342 666 1404 Noli
689 1349 792 1404 autem
809 1341 902 1403 huius
921 1357 1103 1420 quemquam
1120 1344 1238 1422 gratiae

122 1420 298 1517 ιἰιιιιιιιιιι
309 1438 396 1493 ἰιιιιἸ
405 1434 535 1507 putare·
557 1446 594 1490 ιο
624 1424 704 1504 duod
735 1428 772 1488 de
801 1446 914 1507 magno
944 1447 1006 1490 uno
1036 1429 1238 1491 Melchisedec
1345 1436 1349 1443 '

123 1510 345 1581 emisam·
353 1517 476 1577 deliniti.
540 1514 686 1575 Omnibus
715 1516 794 1574 enim
826 1516 994 1590 aequaliter
1022 1517 1099 1577 deus
1130 1517 1237 1578 salutis

122 1590 345 1681 meandris
376 1603 429 1662 de
438 1608 548 1663 natura
569 1604 691 1662 insevit
704 1600 830 1662 facultat
818 1607 897 1676 tem,
933 1605 1162 1680 etquicunque
1185 1621 1239 1663 vo-

123 1689 367 1775 Ιιοιιιιιιιιιιιιι
370 1691 472 1768 gratia
497 1688 642 1766 impertiri
664 1689 779 1765 possit,
808 1704 867 1749 nec
889 1686 914 1747 si
937 1689 1141 1750 Melchisedec
1163 1691 1238 1763 lieri,

125 1778 348 1849 atrabatum,
354 1790 404 1837 nc
427 1775 540 1850 Moysis
563 1780 593 1834 et
615 1775 793 1850 simpliciter
814 1778 971 1836 cunctos
963 1794 994 1836 ιι
1018 1794 1052 1839 se
1074 1778 1238 1838 transferre

125 1868 277 1925 smotoss
271 1863 429 1939 cupiverit
451 1861 669 1938 prohibeatur,
702 1878 764 1921 non
793 1863 917 1923 nomina
938 1870 969 1924 et
990 1865 1057 1926 loca
1079 1861 1236 1940 mutando,

125 1938 197 2013 s'ed1
199 1947 322 2013 modos
333 1955 376 2011 ιι
388 1950 668 2041 conversationem·
675 1948 740 2008 imit
741 1947 832 2047 ando.

126 2080 397 2185 Contemplatio
421 2083 527 2157 alia
517 2108 557 2157 m
583 2042 840 2157 Melchisedec.

236 2220 415 2295 Quicunque
450 2221 541 2298 igitur
571 2219 708 2279 membra
736 2217 928 2278 mortificavit
954 2219 985 2276 in
1013 2223 1110 2295 terra,
1148 2226 1239 2297 atque

127 2314 224 2371 roim
244 2308 448 2369 carnia-suae
470 2304 662 2383 prudentiam
684 2304 832 2378 extinxit,
861 2308 1018 2380 totamque
1041 2307 1078 2366 ad
1104 2323 1172 2367 eam
1190 2324 1240 2368 re-

127 2394 500 2471 lationem'exensslt‘per
519 2406 609 2466 quam
634 2404 672 2451 ea
694 2395 775 2467 quae
797 2390 854 2451 soli
876 2388 935 2451 deo
958 2407 976 2450 a
1000 2393 1088 2451 nobis
1110 2392 1239 2455 debetur

128 2482 241 2547 mettas
264 2476 425 2551 dividitur,
459 2480 551 2556 atque
584 2478 685 2538 omnia
714 2478 816 2537 carnis
845 2482 875 2537 ιι
902 2476 1008 2538 mundi
1036 2479 1074 2539 ob
1105 2480 1239 2543 divinam

128 2566 263 2659 gratim
276 2567 403 2647 negavit
425 2566 603 2651 signacula,
626 2563 704 2625 adeo
727 2570 762 2624 ut
784 2579 853 2624 cum
875 2564 965 2624 beato
988 2565 1128 2640 apostolo
1146 2567 1242 2633 Paulo.

127 2648 247 2717 dicere·
257 2660 379 2729 duoque
406 2652 521 2729 possit,
563 2649 654 2727 ,Quis
682 2665 739 2710 nos
769 2666 788 2711 a
819 2650 944 2712 caritate
974 2649 1084 2713 Christi
1113 2669 1239 2731 separa-

129 2740 227 2802 biti‘
234 2745 279 2800 et
308 2739 439 2815 reliqua,
470 2738 541 2799 talis
571 2738 638 2797 stne
665 2741 751 2812 patre
780 2752 816 2797 ac
845 2742 944 2798 matre
971 2743 1002 2797 et
1031 2741 1097 2799 sine
1126 2758 1239 2818 genere

130 2827 184 2887 ad
195 2827 303 2905 magni
323 2825 528 2887 Melchisedec
556 2825 653 2884 instar
682 2823 781 2884 facus
812 2828 876 2898 est,
911 2841 967 2884 nec
990 2827 1047 2885 sub
1071 2842 1163 2888 carna
1186 2836 1239 2890 aut

130 2918 250 2975 ratem
271 2910 336 2974 ullo
371 2911 462 2972 modo
495 2928 535 2988 po
536 2916 596 2971 test
630 2911 741 2980 teneri,
778 2925 847 2970 curn
877 2912 985 2989 spiritu
1015 2915 1237 2988 copulationem

129 2999 293 3113 adeptus.

129 3096 440 3231 Contemplatio
429 3155 470 3204 m
501 3128 541 3204 id
570 3094 668 3228 quod
691 3154 814 3228 aeque
835 3129 983 3203 initium
1009 3131 1153 3206 dierum
1176 3159 1236 3208 ne·
1289 3210 1293 3219 ,

157 3260 302 3363 ιιιιι
270 3236 383 3349 finem
405 3233 504 3309 vitae
524 3232 667 3307 habuit

230 3369 263 3432 Si
291 3338 366 3432 vero
396 3371 486 3430 etiam
516 3385 588 3430 sese
615 3370 715 3444 ipsum
742 3369 869 3446 insuper
898 3370 1021 3446 negavit
1049 3374 1078 3431 et
1104 3373 1237 3435 animam

128 3474 214 3521 suam
244 3472 318 3520 mea
346 3459 444 3559 gratia
472 3456 618 3535 perdidit
651 3455 787 3514 inveniet
809 3470 894 3532 eam,
924 3455 983 3517 hoc
1006 3462 1051 3517 est
1072 3465 1237 3535 praesente

128 3546 191 3607 vita
222 3550 313 3607 cunr
324 3545 390 3605 suis
420 3542 526 3605 studiis
557 3558 617 3618 quo
647 3557 711 3601 rem
740 3541 831 3619 longe
861 3541 1016 3604 meliorem
1046 3543 1238 3606 lucrifaceret

128 3626 243 3693 abiecta
265 3631 367 3713 virum
384 3637 421 3692 ιι
442 3630 596 3691 efficacem
621 3629 717 3688 solam
741 3628 790 3688 dei
812 3629 959 3688 rationem
983 3630 1134 3707 possidet,
1157 3647 1237 3708 quae

128 3712 234 3780 virtute
261 3706 302 3778 et
321 3716 492 3797 cognitione
522 3717 560 3785 ad
591 3716 711 3775 animae
734 3729 834 3789 usque
858 3720 888 3775 et
911 3715 1033 3790 spiritus
1056 3716 1236 3779 divisionem

127 3808 278 3880 penetret,
309 3818 409 3879 neque
436 3804 532 3864 ultum
555 3804 679 3863 omnino
702 3802 787 3903 quod
806 3803 999 3901 praesentiae
1021 3803 1102 3865 illius
1125 3821 1236 3881 expers

127 3891 163 3952 sit
188 3890 301 3962 habet,
336 3890 435 3951 iactus
463 3895 511 3951 est
539 3895 570 3951 et
600 3891 666 3949 sine
693 3888 839 3964 principio
869 3904 904 3948 ac
926 3888 993 3950 sine
1016 3890 1090 3960 fine,
1118 3895 1236 3966 tempo-

125 3977 224 4038 ralem·
242 3979 275 4039 ιι
298 3992 333 4037 se
356 3992 416 4037 non
440 3975 570 4057 amplius
593 3975 734 4036 mobilem
758 3975 850 4033 vitam
873 3974 992 4051 ferens,
1018 3990 1096 4051 quae
1117 3977 1234 4040 initium

124 4062 234 4125 habeat
251 4070 302 4125 'ac
330 4061 420 4122 tinem
449 4062 613 4140 multisque
638 4060 848 4122 allectionibus
880 4062 1031 4133 turbetur,
1061 4062 1116 4123 sed
1137 4065 1235 4126 solam

123 4149 322 4213 inhabitantis
350 4150 476 4210 rationis
500 4150 632 4211 divinam
655 4150 749 4209 vitam
773 4150 864 4222 atquc
886 4164 1069 4224 perennem,
1099 4150 1235 4227 nullique

124 4236 210 4299 morit
231 4236 433 4299 temrinatam.

190 4370 468 4459 ιιιιιιιιιι.Γ
543 4469 548 4479 .
