2752 4778
1153 220 1228 302 208

120 404 298 483 Eiusdem
332 408 509 482 sermonis
544 409 582 482 in
616 406 732 501 iilud,
772 403 864 500 ,Sed
897 409 928 482 si
960 411 1227 512 incorporeum,

166 510 336 586 nondum
369 518 493 615 tamen
525 513 596 587 hoc
630 511 808 588 essentiae
849 514 1114 610 patrocinatur,
1155 542 1228 590 non

165 614 285 714 magis
320 639 431 713 quam
464 614 563 715 quod
598 616 820 716 ingenitum,
857 624 893 689 et
922 616 1001 690 sine
1034 618 1159 712 initio,
1193 629 1230 694 et

167 716 409 810 inmutabile,
448 727 485 792 et
516 721 597 794 sine
613 720 799 811 interitu,
842 727 879 792 et
911 744 1150 823 quaeeunque
1182 723 1229 798 de

167 821 239 896 deo
264 830 329 895 aut
352 822 448 896 eirca
472 823 585 896 deum
607 847 686 897 esse
717 823 913 896 dicuntur.‘

223 953 273 1014 Ad
302 969 356 1014 eos
386 955 522 1030 inprimis
552 957 603 1030 qui
631 954 723 1014 filium
748 955 823 1031 patri
847 954 1024 1016 dissimilem
1047 958 1162 1020 nelarie
1184 960 1228 1019 in-

120 1038 298 1114 troducunt,
329 1042 485 1116 eoquod,
515 1047 549 1101 ut
573 1043 716 1115 arbitror,
748 1042 841 1118 patris
864 1044 1030 1103 essentiam
1052 1046 1083 1103 in
1107 1062 1143 1106 eo
1166 1046 1230 1105 col-

120 1125 220 1188 locant
242 1125 322 1202 quod
347 1128 501 1204 ingenitus
524 1130 578 1202 sit,
604 1144 773 1188 sermonem
797 1128 949 1206 dirigens,
974 1134 1004 1190 et
1023 1147 1062 1190 ex
1081 1133 1229 1192 similibus

120 1212 189 1289 quid
219 1228 388 1292 agnoscere
419 1212 550 1275 debeant
579 1216 751 1286 instruens,
786 1213 865 1275 haec
895 1214 965 1274 dicit
997 1205 1160 1294 magister,
1196 1225 1230 1279 nt

120 1300 245 1383 veritate
268 1299 307 1359 ad
330 1301 473 1376 pietatem
496 1303 595 1363 coacti
613 1301 752 1362 lubenter
775 1317 843 1360 cum
867 1302 954 1361 nobis
977 1318 1013 1362 ec
1037 1304 1118 1378 quod
1142 1310 1229 1379 pater

120 1387 317 1464 generatione
348 1391 431 1447 earet
454 1387 527 1447 nihii
552 1388 610 1448 nisi
634 1387 715 1462 quod
737 1388 891 1465 ingenitus
915 1389 954 1447 sit
976 1391 1097 1465 probari
1120 1406 1230 1450 conee-

120 1472 208 1549 dant,
238 1488 391 1533 memores
420 1474 517 1548 quod,
548 1476 574 1534 si
603 1474 770 1534 essentiam
794 1473 843 1533 dei
864 1474 956 1549 plane
980 1475 1039 1536 hoc
1062 1492 1133 1536 esse
1156 1493 1229 1537 con-

120 1559 278 1620 tenderent
299 1560 381 1634 quod
402 1561 557 1637 ingenitus
580 1566 642 1636 est,
673 1561 762 1621 etiam
785 1562 1062 1637 incorporalitatem
1086 1565 1170 1634 eius,
1201 1566 1230 1623 et

120 1645 200 1720 quod
223 1647 291 1706 sine
313 1646 414 1722 initio,
444 1651 473 1706 et
492 1646 671 1729 immortalis
691 1652 755 1718 est,
778 1650 808 1707 et
826 1647 1036 1720 immutabilis,
1061 1655 1090 1709 et
1107 1650 1229 1710 interitu

120 1737 216 1807 carel,
252 1739 282 1792 et
309 1745 513 1807 quaecunque
540 1733 689 1808 privative
717 1739 840 1810 propter
870 1736 1122 1810 exsuperantiam
1152 1736 1228 1796 deus

120 1833 189 1880 esse
217 1818 339 1894 dicitur,
370 1819 466 1901 (certe
496 1821 522 1881 si
552 1819 608 1878 sibi
631 1824 809 1880 constantes
833 1836 904 1880 esse
927 1819 1092 1902 voluerint)
1122 1838 1230 1882 neces-

120 1904 198 1966 sario
226 1904 332 1979 utique
356 1910 492 1967 statuere
523 1911 686 1983 cogentur,
717 1906 857 1980 adeoque
880 1923 941 1966 non
966 1924 1059 1968 unam
1086 1913 1229 1985 statuere,

120 1990 173 2053 sed
203 1992 316 2053 multas
336 1990 387 2051 ‘dei
410 1993 578 2063 essentias,
607 1992 715 2066 immo,
745 1998 779 2053 ut
803 1994 902 2070 magis
924 1995 1045 2070 proprie
1068 2011 1105 2055 ac
1128 1996 1229 2055 verius

120 2078 235 2149 dicam,
258 2077 339 2154 quod
357 2079 479 2156 gentilis
503 2078 666 2140 multorum
689 2079 813 2139 deorum
838 2079 992 2156 religionis
1017 2081 1230 2141 morbo'labo-

120 2169 184 2225 rent
213 2165 258 2225 sic
279 2164 493 2242 traducentur;
526 2165 624 2240 quod,
653 2171 687 2225 ut
707 2166 850 2242 impium,
882 2166 1017 2226 confiteri
1041 2167 1066 2226 si
1088 2183 1228 2228 reveren-

120 2256 181 2327 tur,
212 2251 348 2313 amentia
376 2267 433 2312 sua
461 2253 553 2328 plane
582 2252 630 2312 vel
660 2253 744 2312 inviti
772 2251 931 2312 decedent.
977 2251 1125 2313 Privativa
1148 2255 1229 2314 enim

120 2339 182 2398 sive
205 2338 351 2416 negativa
369 2353 449 2415 quae
468 2340 549 2399 circa
567 2355 631 2399 rem
649 2339 783 2413 aliquam
802 2339 1006 2399 observantur
1025 2339 1108 2400 haud
1126 2341 1227 2417 ipsum

120 2423 191 2486 iilud
213 2429 288 2485 sunt
310 2425 390 2501 circa
413 2427 494 2500 quod
524 2425 744 2497 observantur,
781 2425 852 2500 quie
881 2425 1001 2500 quidem
1030 2427 1154 2486 omnino
1185 2427 1229 2486 sic

120 2526 224 2575 eorum
259 2516 366 2572 essent
392 2526 472 2586 quae
502 2511 575 2586 quid
604 2512 643 2584 sit
671 2513 834 2582 denotant,
870 2518 903 2571 ut
932 2513 1032 2588 ipsum
1061 2511 1135 2574 illud
1165 2512 1228 2573 exi-

120 2598 245 2671 stentia,
280 2598 335 2657 sed
365 2614 425 2658 non
456 2596 527 2673 quid
551 2614 611 2658 non
635 2599 674 2658 sit
697 2598 771 2659 illud
793 2599 893 2674 ipsum
917 2597 1112 2675 denotantia3
1149 2598 1228 2674 quod

120 2684 144 2744 si
166 2699 273 2744 verum
297 2689 396 2759 esset,
420 2684 487 2744 finis
510 2683 590 2744 illius
611 2686 692 2744 circa
716 2686 797 2760 quod
819 2682 960 2745 dicuntur
983 2701 1053 2745 esse
1075 2684 1154 2746 haec
1176 2685 1229 2748 de-

120 2775 377 2845 monstrarentur,
414 2770 444 2830 id
475 2770 553 2846 quod
584 2772 721 2848 ineptum
751 2777 799 2831 est
831 2776 861 2831 et
888 2772 952 2831 fieri
984 2773 1097 2846 nequit.
1163 2768 1228 2832 Non

120 2858 198 2919 enim
228 2872 267 2917 ex
296 2857 333 2917 iis
364 2872 444 2932 quae
477 2872 538 2917 non
563 2862 635 2917 sunt
658 2874 756 2918 rerum
780 2859 857 2918 fines
881 2858 1082 2938 colliguntur,
1113 2857 1168 2918 sed
1191 2875 1229 2919 ex

120 2944 153 3005 ils
181 2958 263 3021 quae
292 2948 382 3014 sunt,
412 2957 492 3018 quae
515 2943 659 3021 exiguum
684 2954 784 3006 rerum
807 2945 986 3020 expandunt
1007 2951 1099 3020 atque
1122 2944 1229 3020 ampli·

120 3029 209 3093 icant
238 3030 400 3103 ambitum,
432 3030 481 3105 qui
512 3046 621 3107 nomen
646 3045 749 3091 earum
774 3035 830 3090 est.
883 3029 960 3090 Nihil
981 3031 1084 3106 itaque
1107 3032 1229 3090 omnino

120 3130 156 3176 ex
175 3117 215 3176 iis
239 3115 380 3192 quaeda
403 3116 460 3176 deo
483 3120 536 3176 aut
561 3117 641 3176 eirea
664 3115 753 3178 deum
776 3132 847 3177 esse
865 3116 1007 3176 dicuntur
1026 3115 1073 3175 dei
1094 3119 1230 3177 essentia

120 3216 253 3280 unquam
277 3218 348 3263 esse
371 3207 491 3278 potest,
520 3203 591 3277 quia
614 3219 670 3263 nec
696 3205 894 3279 positionem,
929 3218 1008 3278 quae
1032 3203 1097 3262 sola
1121 3209 1150 3263 et
1173 3202 1229 3262 soli

120 3288 176 3351 deo
206 3290 365 3365 competit,
396 3294 426 3348 et
453 3287 601 3349 relatione
631 3295 735 3361 vacat,
772 3306 829 3350 neo
857 3291 958 3364 ipsum
987 3287 1060 3347 illud
1091 3288 1171 3362 quod
1200 3289 1229 3346 vi

120 3376 197 3437 circa
225 3374 340 3450 aliquid
368 3376 467 3436 activa
489 3391 616 3449 prorsus
640 3375 774 3436 solutum
798 3380 846 3436 est
868 3374 1037 3435 secundum
1062 3375 1227 3435 essentiam

120 3478 153 3523 ac
176 3462 382 3523 substantiam
405 3460 541 3521 indicare
563 3466 673 3537 potest.

120 3654 175 3733 Ex
204 3654 335 3730 eodem
357 3676 524 3727 sermone
548 3654 588 3727 in
609 3650 727 3744 illud,
765 3647 1106 3743 ,Quemadmodum
1129 3652 1229 3726 enim

164 3781 242 3834 non
264 3757 403 3831 sufficit
429 3780 561 3857 corpus
586 3753 727 3847 dicere,
754 3764 818 3829 aut
842 3763 1057 3854 generatum
1084 3778 1162 3828 esse
1182 3754 1230 3828 ad

167 3859 497 3938 demonstrandum
529 3869 638 3958 atque
667 3859 980 3932 manifestandum
1007 3857 1077 3930 hoo
1099 3857 1162 3931 vel
1185 3856 1228 3931 il·

165 3965 238 4041 lud
273 3965 371 4038 circa
400 3963 499 4062 quod
528 3963 619 4037 haee
650 3970 844 4036 versentur
869 3961 935 4035 sed
961 3960 1060 4035 illud
1085 3983 1229 4060 quoque

167 4068 269 4171 quod
302 4065 362 4142 his
394 4064 603 4143 subiectum
636 4075 690 4140 est
722 4065 843 4139 dicere
878 4072 1039 4163 oportet,
1082 4064 1114 4139 si
1148 4064 1229 4164 quis

165 4171 328 4274 perfecte
353 4180 389 4245 et
412 4170 522 4270 plene
543 4169 633 4269 quid
658 4170 856 4268 cogitemus
877 4176 1082 4243 monstrare
1101 4168 1228 4245 volue-

166 4276 233 4353 ritz
267 4298 355 4349 nam
383 4274 447 4349 vel
470 4275 583 4349 homo
611 4273 674 4348 vel
696 4271 764 4347 bos
785 4272 848 4347 vel
871 4296 987 4370 equus
1010 4272 1081 4346 hoc
1104 4295 1229 4370 corpo·

168 4400 278 4461 reum
299 4400 378 4452 esse
395 4386 517 4477 potest
537 4386 574 4452 et
595 4377 761 4451 interitui
781 4375 1008 4450 obnoxium!
