2768 4784
1165 217 1237 294 28¹!

125 400 312 463 desiderium
334 402 402 463 eius
424 407 560 462 extremo
582 416 688 463 eorum
711 418 788 477 quae
805 407 992 479 appetuntur
1008 403 1127 488 alligat,
1158 404 1239 480 quod

127 495 174 557 est
196 489 291 564 deus,
311 489 374 569 qui
396 490 427 548 ia
450 490 591 558 summis,
622 488 668 548 vel
690 489 720 547 in
744 505 865 550 summo
889 491 937 550 vel
958 492 989 549 in
1012 491 1152 565 eoquod
1176 507 1240 551 ma·

127 574 319 652 gnitudiaem
346 590 470 635 ornnem
499 581 626 649 superat
654 576 776 651 proprie
805 577 909 637 existit
931 582 1023 651 atque
1046 579 1238 654 agnoscitur:

128 661 292 736 atque-,ia
315 662 443 721 summis
454 667 473 732 ι,
504 666 538 721 ut
558 661 588 719 in
611 662 709 722 tribus
731 663 910 723 substantiis
933 663 1188 723 coessentialibus
1209 670 1240 725 el

129 763 231 823 aeque-
254 748 446 823 potentibus,
480 747 649 822 iisdemque
677 765 739 808 non
769 750 1002 809 commiscendis
1029 749 1068 808 de
1096 755 1239 810 accurata

129 841 157 894 et
183 833 366 894 immutabili
395 835 476 909 circa
505 847 754 908 unamquamque
775 835 976 911 proprietate,
1009 836 1240 912 ingeneratione

129 924 252 994 inquam
275 924 306 980 et
328 922 527 998 generatione
550 925 581 980 et
602 914 814 995 processione:
845 923 1038 996 ,inesummo‘
1062 937 1240 998 vero„pro-

130 1012 193 1082 pler
209 1042 213 1047 -
229 1006 280 1067 dei
315 1006 484 1066 secundum
518 1007 724 1067 substantiam
757 1008 903 1067 unitatem
932 1013 964 1068 et
991 1007 1179 1068 identitatem
1209 1013 1240 1068 et

130 1093 390 1171 singularitatem:
412 1094 457 1151 ·in
488 1109 524 1153 eo
555 1092 688 1167 denique
719 1093 816 1168 ‚quod
849 1108 968 1153 omnem
989 1092 1238 1170 'magnitudinem

130 1183 280 1254 superat‘,
306 1184 466 1255 propterea
488 1177 570 1253 quod
592 1180 762 1253 quantitate
783 1178 868 1239 nulla
892 1185 945 1238 ant
967 1180 1175 1256 magnitudine
1190 1179 1238 1239 vel

131 1264 320 1326 mintitudine
342 1266 608 1326 circumscribatur
631 1266 726 1345 deus,
750 1271 803 1325 aut
825 1265 976 1341 aliquibus
995 1265 1105 1326 finibus
1125 1266 1251 1326 discet:

131 1359 229 1414 natur.
282 1350 387 1427 Omnis
417 1353 500 1412 enim
530 1353 709 1429 magnitudo
737 1351 861 1411 definita
889 1357 962 1435 est,¹
983 1351 1081 1411 deitas
1104 1353 1171 1412 sola
1192 1353 1239 1410 ln·

131 1439 277 1513 definita‚'
300 1436 467 1498 secuudum
491 1440 598 1515 magni
618 1437 742 1497 Davidis
765 1439 872 1509 verba,
902 1436 1050 1514 ,Magnus
1072 1445 1121 1499 est
1143 1439 1238 1499 domi·

132 1530 236 1586 auset
254 1524 344 1584 valde
362 1523 539 1600 laudabilis,
564 1530 594 1583 et
613 1524 832 1600 magnitudinis
855 1524 921 1584 eius
945 1524 1047 1584 nullus
1071 1530 1119 1585 est
1140 1525 1237 1600 iinis‘,

131 1616 234 1688 utpote
256 1625 338 1685 qnae
360 1610 443 1670 nulla
466 1611 746 1686 circumscriptione
770 1611 896 1670 limitato
914 1617 976 1684 est,
1000 1611 1129 1687 ideoque
1146 1612 1237 1671 etiam

130 1698 401 1771 indefinita,‘cunr
431 1698 586 1780 temporisa
609 1697 852 1771 qualemcunque
883 1701 913 1755 ει
936 1703 1062 1758 naturae
1084 1698 1239 1758 notionem

130 1788 366 1846 antevertentem
385 1799 456 1843 sese
477 1783 592 1843 habeat
614 1783 746 1853 nullam,
769 1782 939 1843 secundum
963 1800 1054 1858 quam
1076 1783 1239 1843 artificiosa

130 1870 320 1931 rationalium
349 1875 596 1946 argumentorum
628 1868 790 1929 methodus
818 1868 965 1929 studiosis
988 1871 1092 1930 talium
1116 1871 1240 1947 excogi—

129 1963 192 2018 tata
220 1961 271 2035 est
298 1971 336 2016 ea
363 1957 415 2028 ab·
432 1958 523 2030 qu'am
553 1957 731 2031 praesertim
763 1961 792 2015 et
819 1971 888 2016 cum
920 1970 981 2030 qna
1002 1957 1083 2021 circa
1105 1957 1239 2016 veritatis

128 2040 354 2120 indagationem
383 2043 537 2118 reprobari
558 2044 643 2117 ipsos
667 2041 821 2115 videmus,
856 2058 924 2102 cum
949 2043 1152 2117 quodcunque
1174 2043 1239 2102 suis

129 2129 409 2190 ratiocinationibus
433 2130 602 2206 expugnari
623 2145 683 2188 non
702 2128 870 2203 potuisset,
893 2127 923 2186 id
944 2145 1000 2188 nec
1017 2145 1121 2188 verum
1141 2130 1240 2188 urnul-

131 2233 168 2276 no
189 2232 263 2289 esse
286 2210 439 2291 putarent.
496 2214 581 2287 Quae
601 2216 712 2290 probat
735 2216 883 2292 magister
905 2216 995 2274 etiem
1018 2217 1047 2275 in
1072 2215 1140 2274 aliis
1163 2215 1238 2275 locis

129 2301 238 2362 iisdem
259 2302 360 2361 verbis
383 2316 476 2371 usus„
515 2300 778 2373 Quemadmodum
799 2303 830 2360 in
853 2316 996 2360 sermone
1011 2303 1047 2361 in
1066 2294 1239 2361 Adventum

131 2384 348 2467 Aegyptiorum
376 2387 494 2456 habito,
511 2444 514 2451 Α
531 2386 702 2464 theologice
732 2386 770 2447 de
801 2389 933 2447 essentia
963 2387 1118 2448 incondita
1148 2393 1239 2462 atque

128 2475 232 2535 muna
262 2474 362 2557 deque
394 2473 516 2534 condita
547 2478 654 2533 natura
682 2489 820 2548 suaeque
850 2474 1030 2534 existentiae
1060 2474 1239 2549 principium

129 2563 237 2622 sortita
259 2559 320 2621 boc
342 2559 437 2620 modo·
453 2575 620 2629 enarrans,
648 2559 790 2632 ‚Vocatur
811 2562 933 2634 autem,
957 2561 1063 2634 inquit,
1089 2559 1149 2636 ,illa
1173 2561 1240 2632 qui·

129 2647 197 2709 dem
219 2646 315 2721 deus,
351 2651 381 2706 et
402 2647 433 2705 in
458 2646 551 2706 tribus
574 2648 716 2706 maximis
740 2647 894 2719 consistit,
924 2647 954 2704 iu
978 2661 1090 2718 causa,
1121 2647 1150 2704 in
1175 2646 1239 2720 opi-

128 2733 199 2806 fice,
228 2735 259 2793 in
282 2733 469 2808 perlectore‚·
495 2732 625 2794 honest
647 2733 676 2791 in
699 2738 804 2808 patre,
827 2732 903 2806 iilia,
927 2736 958 2792 et
980 2734 1087 2808 spiritu
1110 2737 1238 2792 sancto‘

129 2818 165 2882 lit
186 2821 297 2881 iterum
318 2820 349 2877 in
373 2835 515 2879 sermone
536 2818 575 2879 de
593 2818 783 2894 Baptismate
802 2818 840 2879 de
859 2834 920 2878 uno
940 2820 1111 2895 eodemque
1130 2823 1238 2878 sancto
1347 2852 1350 2857 -

128 2908 159 2966 in
184 2907 284 2968 tribus
312 2905 426 2966 sanclis
450 2906 628 2966 substantiis
653 2904 711 2966 deo
733 2905 895 2981 disputans
918 2906 976 2978 nit,
1015 2905 1238 2980 ‚Undequaque

129 2992 306 3068 aequalem,
329 2991 537 3066 undequaque
555 2991 700 3064 eundern,
732 3006 793 3050 non
816 3007 907 3051 secus
931 3008 968 3051 ac
989 3008 1052 3052 uua
1074 2992 1151 3052 caeli
1171 2990 1239 3067 pul-

130 3078 274 3140 chritudo·
289 3083 321 3138 et
342 3078 538 3155 magnitudo,
565 3079 655 3137 trium
676 3076 859 3137 infinitorum
883 3077 1029 3137 inlinitum
1053 3079 1239 3138 coniunctio·

130 3169 221 3226 narn!
284 3162 355 3239 lpse
389 3165 479 3241 igilur
511 3163 899 3239 suimetipsius-interpres
928 3163 1074 3240 magister
1103 3167 1165 3223 stat
1193 3165 1239 3222 eis

131 3253 179 3327 qui
202 3266 264 3311 non
288 3250 385 3331 obiter
405 3250 533 3310 divinos·
547 3265 621 3309 suos
645 3264 804 3310 sermones
827 3249 996 3327 perlegunt

131 3435 187 3512 Ex
219 3438 348 3512 eodem
378 3459 563 3527 sermone,
599 3433 639 3507 in
661 3435 778 3526 illud,
812 3433 1057 3535 ‚Innovantur
1077 3443 1238 3526 naturae,

179 3550 217 3615 et
239 3540 331 3616 deus
353 3540 465 3615 homo
490 3538 672 3613 efficitur}

236 3694 293 3768 Qui
324 3710 467 3772 magnam
489 3692 659 3753 divinorum
682 3694 896 3768 mysteriorum
919 3698 1035 3778 partem
1058 3710 1098 3753 ex
1121 3694 1165 3753 eis
1188 3694 1239 3769 qni

131 3780 270 3841 asseclae
298 3785 329 3840 et
351 3782 480 3841 ministri
501 3779 657 3841 Sermonis
682 3780 769 3852 iacti,
804 3778 935 3852 indeque
956 3779 1129 3844 immediate
1150 3784 1239 3840 eraut

129 3882 228 3928 rerum
258 3867 433 3944 cognitione
461 3867 583 3936 initiati,
614 3881 669 3941 per
699 3865 927 3925 successionem
956 3867 995 3925 ab
1018 3866 1238 3939 antiquioribus

128 3952 239 4014 tradita
260 3957 445 4029 acceperunt
467 3954 565 4013 sancti
586 3953 720 4027 quinque
743 3955 883 4011 statuunt
904 3950 1149 4011 distinctionibus
1172 3953 1239 4011 uni-

130 4054 285 4101 versorum
315 4053 395 4114 quac
423 4039 503 4099 iacta
532 4043 604 4098 sunt
635 4038 856 4108 substantiam,
888 4037 1035 4113 discerni,
1071 4037 1240 4114 harumque
1355 4079 1360 4088 -

128 4142 222 4187 unam
241 4125 359 4186 ¹volunt
386 4142 456 4186 esse
479 4141 559 4201 quae
582 4123 697 4185 dividat
719 4125 756 4183 ab
780 4123 933 4183 incondita
953 4129 1062 4184 natura
1085 4124 1239 4186 conditam

127 4215 304 4274 universum
327 4217 485 4283 naturam,
508 4211 754 4272 et'existentiam
776 4211 972 4289 generatione
995 4211 1143 4270 sortitam.
1189 4210 1242 4271 lit·

127 4301 208 4360 euim
238 4298 347 4374 deum,
378 4299 513 4360 bonitate
542 4297 723 4357 lubricatum
751 4297 867 4358 clarum
896 4311 995 4358 rerum
1024 4298 1239 4358 universarum

125 4385 265 4447 ordinem
292 4391 384 4462 atque
412 4390 568 4457 ornatum,
610 4383 682 4443 inde
712 4384 792 4458 quod
823 4383 931 4458 aliquis
961 4390 992 4445 et
1024 4383 1124 4458 quails
1157 4390 1240 4444 esset
