2752 4778
1083 164 1130 245 dl

10 352 216 431 prudentiam
248 367 354 413 eorum
383 366 463 427 quae
492 356 565 412 sunt
591 349 757 412 habentem
786 353 932 414 rabones<
949 356 1051 415 animo
1078 354 1134 414 ad·

10 445 170 514 anantes,
199 440 300 514 ipsum
333 445 436 500 autem
464 438 599 498 animum
623 437 704 498 circa
726 439 931 515 omniaquae
954 446 1029 501 sunt
1050 444 1134 501 motu

10 542 92 603 pure
122 525 302 587 absolutum
331 529 362 583 et
391 525 428 584 ab
456 526 525 599 ipsa
555 523 725 585 secundum
749 540 782 584 se
805 525 936 585 naturali
958 528 1134 601 operatione

10 613 160 688 quietum
183 611 241 671 deo
263 608 441 681 offerentes,
477 626 532 686 per
555 625 626 670 eum
647 610 862 671 universaliter
885 611 923 670 ad
947 613 1038 673 deum
1060 629 1133 672 con·

10 698 265 772 descendentes,
295 697 350 757 toti
379 701 442 757 toto
470 697 529 756 deo
552 696 699 756 contineri
721 712 776 770 per
798 697 936 772 spiritum
959 697 1043 775 digni
1064 699 1136 759 iacti

10 790 111 859 runt,
140 790 238 845 totam
260 779 403 843 caelestis
426 788 574 856 quantum
596 781 773 843 hominibus
794 783 938 859 possibile
960 788 1008 845 est
1029 785 1136 862 imagi·

10 888 89 933 nem
114 870 267 941 ferentes,
296 875 327 929 et
347 872 467 930 tanturn
489 868 680 929 attrahentes
703 868 805 927 divina
827 871 949 939 notitia,
973 871 998 929 si
1020 870 1069 931 las
1089 877 1136 931 est

9 956 76 1018 hoc
111 958 231 1031 dicere,
262 959 412 1030 quantum
441 957 499 1030 ipsi
528 955 650 1015 attracti
678 955 736 1014 deo
764 956 870 1015 inserti
892 960 972 1016 sunt.
1028 955 1137 1017 Dicunt

10 1046 106 1105 euim
133 1044 213 1103 inter
243 1058 277 1102 se
305 1042 435 1101 invicem
465 1058 536 1102 esse
560 1038 772 1117 paradigmata
799 1040 888 1100 deum
919 1047 950 1100 et
970 1041 1135 1115 bominem,

10 1136 42 1191 et
74 1134 203 1190 tantum
232 1128 346 1187 homini
375 1128 467 1187 deum
495 1144 549 1204 per
569 1127 809 1186 misericordiam
832 1127 1009 1202 humanari,
1041 1143 1137 1202 quan-

10 1223 83 1277 tum
115 1215 211 1277 homo
238 1231 272 1273 se
301 1214 401 1290 ipsum
425 1213 483 1273 deo
505 1230 560 1288 per
584 1214 739 1272 caritatem
761 1213 951 1275 confortatus
974 1229 1137 1277 consecra·
1232 1250 1234 1254 >

10 1305 76 1379 vit3
117 1307 151 1363 et
177 1306 296 1362 tuntum
325 1316 344 1360 a
374 1300 431 1360 deo
461 1301 618 1359 bominem
649 1299 818 1378 secundum
850 1302 987 1360 animum
1009 1303 1075 1376 rapi
1096 1301 1136 1361 ad

10 1389 230 1465 incognitum,
260 1393 407 1463 quantum
431 1386 529 1446 'homo
553 1384 733 1444 invisibilem
757 1391 867 1445 natura
889 1385 981 1445 delun
1003 1401 1058 1460 per
1078 1389 1137 1446 vir-

10 1481 106 1537 tutes
134 1474 207 1533 iacit
228 1471 433 1533 manifestum.
486 1472 533 1531 Ab
556 1472 616 1531 hac
638 1473 740 1546 itaque
763 1487 816 1545 per
837 1475 988 1533 rationem
1011 1477 1042 1532 et
1063 1489 1138 1533 con·

11 1559 251 1637 temptationem
274 1560 438 1618 constituta
460 1556 673 1634 philosophia,
697 1572 864 1632 perquam
887 1560 979 1618 etiam
1002 1560 1137 1634 corporis

12 1647 202 1709 necessario
231 1645 405 1705 nobilitatur
430 1650 559 1718 natura,
594 1645 714 1717 absque
736 1659 852 1717 errore,
886 1645 987 1704 divino
1010 1647 1139 1706 sauciati

12 1733 124 1795 sancti
156 1729 328 1804 desiderio,
360 1747 416 1806 per
442 1731 551 1790 insitas
580 1730 624 1789 eis
654 1729 811 1791 naturales
841 1729 881 1791 ad
904 1731 1009 1791 divina
1028 1731 1138 1791 intelli·

13 1819 146 1898 gentius
174 1817 267 1894 digne
297 1832 335 1876 ac
363 1816 488 1892 pulchre
518 1816 556 1876 nd
587 1815 677 1875 deum
706 1823 927 1892 pervenerunt,
968 1833 1078 1893 corpus
1107 1825 1136 1879 et

13 1904 173 1967 mundum
204 1902 371 1963 militariter
398 1909 665 1978 pertranseuntes,
701 1903 758 1962 sibi
784 1904 914 1963 invicem
942 1903 1021 1964 baec
1044 1920 1137 1980 copu-

14 1991 86 2053 lata
120 1988 378 2064 contemplantes,
415 1987 564 2048 mundum
594 1987 715 2062 quidem
745 1994 890 2064 naturae,
926 2006 1035 2064 corpus
1063 2007 1136 2051 nero
1184 2059 1187 2068 ¹

14 2078 148 2154 sensui,
177 2083 209 2137 et
226 2074 355 2135 alterum
378 2074 463 2135 alteri
487 2075 689 2134 succumbere
710 2090 764 2150 per
787 2078 1039 2148 consequentiam
1062 2076 1137 2139 alte-

16 2166 88 2227 rius
118 2163 160 2222 ad
190 2161 320 2222 altemm
343 2161 546 2235 qualicunque
567 2156 779 2236 proprietates
804 2165 833 2220 et
854 2161 929 2220 nibil
950 2155 1062 2221 borum
1083 2178 1137 2238 per

17 2268 57 2312 se
89 2250 194 2325 ipsum
216 2248 333 2308 ratione
356 2247 643 2322 circumscriptionis
666 2248 801 2307 existere
822 2247 966 2319 liberum,
996 2253 1028 2307 et
1047 2253 1137 2325 turpe
1233 2274 1240 2285 ·

17 2337 175 2399 ducentes
198 2333 374 2395 mortalibus
397 2340 428 2395 et
449 2333 687 2408 circumscriptis
708 2335 867 2408 corrumpi,
881 2339 911 2394 et
933 2335 1137 2395 circumscribi

18 2423 149 2483 animae
176 2420 348 2480 immortale
376 2426 408 2480 et
436 2434 558 2495 semper
585 2419 714 2488 mobile,
745 2417 802 2478 soli
831 2419 888 2479 deo
917 2420 1079 2480 immortali
1107 2428 1138 2481 et

18 2509 110 2570 omni
121 2507 270 2568 infinitate
284 2506 432 2581 superiori
444 2504 647 2565 insolubiliter
662 2521 697 2565 se
710 2505 797 2580 ipsos
815 2505 1028 2582 alligaverunt,
1053 2506 1136 2567 nullo

19 2593 118 2656 modo
154 2592 259 2653 mundi
295 2597 386 2667 atque
413 2593 516 2652 carnis
544 2587 566 2622 ⁴¹
582 2591 801 2652 refluxionibus
831 2591 926 2652 inditi.
981 2591 1061 2652 llaec
1090 2601 1138 2655 est

19 2681 126 2741 omnis
156 2678 272 2739 virtutis
301 2683 332 2738 et
361 2678 508 2739 scientiae
539 2676 706 2752 plenitudo.
758 2679 896 2738 aestimo
919 2694 990 2740 vero
1016 2680 1088 2754 quia
1108 2687 1138 2741 ct

19 2768 104 2827 duis
161 2762 221 2825 Sed
250 2764 276 2824 si
299 2764 464 2838 aliquando
487 2765 568 2823 circa
590 2779 694 2823 eorum
719 2780 799 2837 quae
821 2771 894 2825 sunt
917 2765 1137 2841 speculamina,

19 2854 98 2913 moti
130 2856 204 2912 sunt
230 2852 346 2921 sancti,
376 2866 436 2909 non
465 2851 495 2911 in
524 2849 584 2909 hoc
614 2848 666 2910 illa
688 2852 756 2924 ipsa
778 2851 981 2926 principaliter
1002 2857 1138 2912 contem-

18 2939 101 3015 plari
130 2944 163 2998 et
191 2951 394 3013 cognoscere,
433 2936 513 2996 sicut
541 2953 615 3007 nos,
651 2936 846 3014 materialiter
869 2940 939 2998 moti
963 2944 1051 3011 sunt,
1082 2938 1137 2999 sed

18 3031 58 3086 ut
90 3038 149 3100 per
179 3023 282 3083 omnia
314 3027 345 3081 et
377 3023 407 3081 in
438 3023 579 3082 omnibus
609 3028 639 3083 et
668 3023 850 3083 existentem
880 3030 911 3084 et
938 3030 1137 3100 apparentem

19 3110 119 3171 deum
141 3108 364 3170 multiformiter
385 3107 563 3178 laudarent,
585 3114 615 3168 et
636 3107 764 3168 multum
787 3110 908 3168 sibimet
928 3109 1137 3170 admirationis

20 3196 205 3273 colligerent
227 3195 368 3254 virtutem
390 3198 422 3254 et
443 3194 670 3271 glorificationis
694 3210 832 3255 causam.
885 3196 1027 3254 Animam
1051 3211 1137 3255 nam-

19 3298 84 3358 que
114 3297 136 3341 a
166 3280 224 3340 deo
256 3281 458 3355 accipientes,
500 3280 686 3340 intellectum
714 3285 744 3339 et
772 3282 921 3341 rationem
949 3287 981 3341 et
1009 3297 1135 3341 sensnm

21 3369 206 3436 habentem,
229 3381 299 3426 cum
317 3365 496 3443 intelligibili
520 3374 550 3426 et
572 3366 652 3425 banc
675 3366 868 3439 sensibilem,
892 3367 970 3427 sicut
991 3371 1022 3428 et
1043 3368 1136 3427 ratio-

20 3471 112 3527 nem,
149 3467 228 3527 quae
258 3456 306 3512 est
332 3468 386 3528 per
408 3453 649 3513 enuntiationem
672 3468 742 3511 cum
765 3469 802 3512 ea
826 3468 904 3526 quae
925 3452 1136 3528 inseparabili-

20 3548 70 3601 ter
107 3542 170 3611 cst,
211 3544 241 3598 et
276 3538 462 3598 intellectum
498 3555 566 3598 curn
600 3537 797 3598 intellectuali
827 3539 1004 3614 passibilem
1032 3539 1134 3615 (quern

19 3628 118 3688 etiam
149 3624 344 3699 phantasiam
368 3629 478 3684 vocant
499 3624 656 3697 animalis,
690 3641 744 3699 per
766 3640 856 3700 quem
879 3625 1047 3699 etreliqua
1070 3627 1136 3686 ani-

20 3712 135 3785 malia,
166 3716 197 3770 et
219 3725 253 3770 sa
275 3711 404 3770 invicem
427 3716 458 3770 et
475 3726 533 3770 nos
551 3716 581 3769 et
595 3711 685 3779 ¹locos
703 3726 779 3784 quos
799 3727 1003 3788 peragravere
1020 3728 1134 3788 cogno-

20 3804 134 3870 scunt;
173 3797 254 3856 circa
284 3811 375 3870 quarn
402 3795 600 3872 phantasiam
629 3812 754 3857 sensum
785 3798 928 3859 constitui
957 3798 1062 3857 dicunt
1084 3800 1134 3873 qui

20 3884 97 3946 talia
120 3883 258 3958 sapiunt,
282 3897 431 3958 organum
454 3883 551 3957 ipsius
574 3882 646 3942 duur
670 3884 724 3957 sit,
747 3899 801 3957 per
824 3883 905 3956 quod
928 3885 1033 3960 recipit
1056 3899 1135 3960 quae

20 3986 80 4047 per
114 3984 185 4029 earn
219 3969 391 4044 imaginata·
423 3966 524 4048 sunt),
562 3974 766 4044 opportunum
801 3985 872 4028 esse
899 3970 1033 4030 arbitrati
1062 3978 1135 4033 sunt

20 4057 132 4116 horum
164 4054 359 4130 operationes
388 4062 624 4130 consequenter,
663 4071 724 4115 non
755 4056 891 4125 sibimet,
924 4056 978 4116 sed
1009 4056 1134 4119 donanti

22 4143 100 4211 deo,
132 4156 185 4216 per
213 4156 304 4217 quem
332 4145 363 4200 et
391 4157 430 4200 ex
458 4156 517 4217 quo
539 4141 618 4201 haec
641 4147 713 4200 sunt
734 4141 902 4202 referendo.
955 4143 1029 4205 Tres
1052 4147 1132 4206 enim

23 4276 215 4287 ..----·--
220 4276 262 4282 --.--
272 4277 280 4281 -
292 4277 300 4282 -

90 4343 135 4394 41.
155 4341 379 4406 Betiuuioutdua
397 4341 502 4406 tuditi,
521 4339 605 4389 carnia
623 4338 779 4402 renitentiis,
799 4340 905 4395 rectius.
930 4341 1029 4406 (Gale.)
