2752 4778
1122 267 1124 271 -
1185 212 1257 288 369

137 391 338 470 persuadent
366 397 399 452 ut
421 390 543 466 eredat,
574 395 666 465 alque
688 397 721 450 ut
743 407 813 452 eum
837 389 991 453 dominum
1014 411 1052 455 ae
1074 396 1164 458 deum
1188 414 1260 458 esse
1301 453 1303 457 ,

138 480 296 556 accipiat,
326 476 481 538 dominum
506 477 625 550 quidam
650 484 689 537 nt.
704 479 871 553 practicae,
903 494 994 553 quam
1017 480 1160 558 dicimus,
1192 500 1261 559 per·

137 565 289 626 lectionis
311 563 532 641 legislatorem,
557 563 648 624 deum
669 578 741 623 vero
762 569 793 622 nt
816 567 1069 640 contemplativae
1091 583 1128 628 ao
1150 570 1260 644 plenae

138 649 325 713 initiationis
348 649 554 710 deductorem.
606 649 835 709 Monumentum
859 667 929 710 vero
953 651 1062 713 affectu
1084 670 1192 716 carens
1214 662 1262 715 est

140 743 220 798 aute
250 736 397 797 laetorum
420 736 580 810 impressio
605 737 687 810 qnod
711 737 804 795 menti
828 738 893 796 sine
918 737 1073 814 voluptate
1097 756 1133 800 ac
1155 740 1261 800 dolore

140 827 232 885 cirea
260 825 409 884 actionem
434 828 464 881 et
488 819 666 882 Sermonem
690 820 802 882 insidet
825 825 1014 898 propriorum
1037 826 1185 886 factorum
1208 833 1262 887 uut

140 911 352 988 cogitatorum
374 906 535 982 indicium,
558 909 791 983 impressiones,
815 915 846 967 at
869 925 928 968 non
952 911 1171 985 perforationes
1194 915 1261 972 vnl-

142 1013 258 1057 nerum
284 995 416 1064 habens,
450 1011 528 1069 quae
557 1001 690 1068 propter.
709 994 870 1054 affectuum
895 997 1066 1057 absentiam
1090 999 1120 1056 in
1143 999 1260 1058 cicatri-

142 1099 201 1144 ces
225 1082 391 1142 coiverunt.

142 1220 238 1294 Alia
258 1222 297 1292 in
318 1220 415 1293 idem
440 1217 709 1316 contemplatio

257 1354 311 1414 Vel
335 1371 442 1414 rursus
465 1353 544 1413 olavi
568 1356 639 1412 sunt
659 1353 801 1413 virtutum
822 1354 991 1414 secundum
1010 1357 1175 1430 practicam
1193 1357 1261 1434 phl-

140 1441 321 1517 losophiam
352 1440 449 1515 modi,
482 1441 602 1498 animae
633 1437 773 1499 affectum
804 1441 918 1500 timoris
946 1441 994 1500 dei
1016 1441 1112 1501 clavis
1135 1442 1261 1504 affixum

142 1543 218 1589 cum
248 1527 351 1588 labore
373 1530 532 1599 lenenles‚
568 1541 643 1600 quos
668 1527 850 1601 cognitionis
874 1528 1006 1587 rationes
1029 1527 1103 1587 nulli
1123 1531 1261 1604 passioni

142 1614 301 1675 obnoxiae
336 1617 365 1672 et
401 1612 554 1688 simplices
592 1617 622 1670 el
658 1610 825 1671 ineffabiles
864 1614 1017 1688 excipiunt
1046 1619 1138 1688 atque
1168 1615 1262 1676 divini

144 1699 306 1760 Sermonis
336 1698 504 1760 secundnm
534 1699 654 1757 animae
685 1696 905 1758 deificationem
936 1714 1015 1774 quae
1044 1699 1115 1760 huic
1138 1703 1263 1780 conligit

143 1787 400 1848 resurrectionem
430 1784 606 1860 propalant,
639 1789 669 1843 et
698 1783 757 1842 lide
788 1784 981 1845 testificatum
1013 1785 1195 1850 denuntiant
1217 1787 1262 1848 di·

144 1874 210 1934 vini
239 1873 330 1947 quasi
357 1871 480 1931 habitus
510 1875 622 1930 statum
651 1870 735 1929 illum
769 1872 922 1944 passionis
957 1877 1130 1947 expertem:
1170 1889 1262 1948 quam

144 1959 199 2034 qui
231 1973 291 2017 non
320 1972 434 2033 passus
463 1963 525 2030 est,
558 1972 615 2016 neo
645 1955 696 2015 alii
725 1971 861 2028 unquam
885 1956 923 2015 de
946 1973 982 2017 eu
1006 1958 1142 2018 narranti
1164 1958 1263 2018 credi-

144 2045 242 2120 derit,
273 2045 317 2104 uli
345 2059 401 2103 nec
431 2042 563 2103 Thomas
595 2041 740 2117 apostolis
770 2041 850 2101 hanc
880 2045 1134 2104 resurrectionem
1157 2046 1263 2119 passis

143 2147 219 2193 cum
242 2136 403 2190 narrarent.
426 2130 524 2189 serius
548 2128 674 2187 credidit
697 2143 786 2203 qnam
815 2128 959 2203 patiendo
989 2145 1055 2188 eam
1083 2131 1148 2204 ipse
1178 2136 1262 2190 esset

145 2221 305 2295 expertos.
1252 2221 1256 2229 “

145 2354 208 2429 Ex
238 2355 367 2429 eodem
393 2377 578 2444 sermone,
614 2354 653 2426 in
683 2353 801 2446 illud,
837 2350 895 2444 ,St
927 2355 965 2426 in
990 2355 1176 2436 infernum
1199 2355 1260 2429 de·

201 2457 368 2548 scendet,
410 2457 523 2529 simul
561 2455 749 2530 descende.
820 2455 873 2529 Ea
910 2461 1262 2556 quoque.myateria

191 2585 378 2660 ,cognosce
402 2585 495 2658 quae
521 2560 610 2632 deus
633 2557 714 2632 illio
739 2560 959 2655 designavit,
988 2586 1079 2659 quae
1103 2561 1263 2658 duplicis

202 2666 397 2738 descensus
417 2663 466 2735 sit
487 2664 602 2735 ratiost

259 2799 429 2878 Spiritualis
458 2798 550 2858 homo
581 2800 692 2873 ubique
715 2798 890 2860 inviolatum
914 2802 1045 2861 existere
1069 2801 1116 2862 dei
1140 2800 1262 2862 Sermo-

146 2905 220 2950 nem
250 2886 357 2947 videns
384 2902 440 2962 per
462 2884 750 2959 contemplationem
774 2902 844 2947 eum
868 2887 1018 2961 sequitur,
1054 2887 1263 2964 providentiae

145 2973 333 3040 uniuersalis
364 2988 432 3032 cum
451 2970 668 3047 ‘intellegentia
692 2972 861 3047 percipiens
884 2979 988 3039 artem.
1047 2972 1096 3032 Sic
1118 2976 1207 3034 etiam
1231 2966 1261 3033 ln

127 3061 301 3122 -lnlernum
338 3057 536 3118 descendenti
574 3054 711 3115 Sermoni
745 3073 846 3116 comes
877 3064 938 3127 est,
977 3075 1037 3118 non
1067 3059 1138 3118 mali
1168 3074 1262 3119 causa

147 3146 308 3216 videlicet,
342 3145 397 3204 sed
428 3144 465 3203 ad
488 3142 734 3219 investigandum
759 3149 790 3202 et
811 3143 990 3204 discendum
1014 3143 1062 3203 dei
1088 3144 1127 3204 ad
1149 3144 1262 3204 inferos
1297 3156 1300 3160 ’

147 3234 323 3295 descensus
355 3231 548 3308 mysterium,
582 3236 611 3287 et
641 3229 678 3288 ad
704 3230 949 3305 cognoscendam
973 3247 1077 3290 eorum
1101 3246 1179 3305 quae
1203 3228 1262 3289 illic

147 3321 225 3381 liant
247 3325 339 3394 atque
362 3317 557 3393 perficiantur
580 3315 789 3375 admirandam
814 3317 971 3376 rationem.

148 3455 239 3530 Alia
260 3456 299 3530 in
326 3454 426 3529 idem
448 3453 718 3552 contemplatio.

260 3586 313 3646 Vel
343 3602 468 3659 rursus,
507 3602 575 3646 cum
604 3587 754 3647 infernum
784 3600 873 3644 ornne
902 3589 1062 3660 peccatum
1093 3584 1146 3654 sit,
1182 3582 1264 3658 quod

149 3674 346 3736 tenebrosam
376 3679 406 3732 et
431 3671 596 3731 deiorrnem
621 3677 650 3732 el
673 3672 820 3748 perditam
845 3671 952 3734 reddat
975 3671 1110 3730 animam
1134 3671 1171 3729 ab
1195 3671 1262 3746 ipso

150 3762 330 3831 obsessam,
366 3761 391 3817 is
421 3759 472 3832 qui
501 3757 539 3817 de
568 3756 725 3817 affectibus
749 3756 884 3830 disputat
907 3755 1084 3816 Sermonem
1108 3755 1264 3814 doetrinae

149 3848 181 3906 in
204 3845 355 3905 internum
379 3842 617 3905 descendentem
641 3844 814 3916 comitatur,
839 3842 911 3902 dum
936 3844 1073 3901 virtutem
1098 3842 1135 3900 ab
1159 3843 1265 3917 singu-

151 3933 189 3992 lis
220 3931 361 4007 nequitiis
392 3930 601 3989 mortificatam
626 3928 771 3988 Sermone
802 3928 931 3989 viviticat
962 3935 991 3988 et
1011 3930 1041 3986 in
1066 3927 1285 3987 resurrectio·

151 4034 222 4079 nem
250 4016 386 4088 deducit,
428 4022 458 4076 el
487 4015 606 4074 vincula
637 4021 735 4074 slatus
766 4017 910 4074 materiae
941 4013 1064 4074 obnoxii
1094 4014 1264 4073 animarum

152 4105 269 4164 lortller
292 4101 438 4162 Sermone
462 4103 581 4177 rumpit.
634 4100 721 4160 Ratio
744 4104 843 4160 autern
868 4100 996 4175 duplicis
1020 4100 1191 4159 descensus
1215 4115 1265 4158 se-

152 4188 287 4260 cundum
316 4193 486 4264 promplam
516 4187 795 4262 interpretationem
826 4191 888 4261 est,
920 4184 960 4246 ad
990 4185 1119 4261 primum
1144 4184 1265 4259 quidem

153 4276 360 4352 propositum,
393 4281 425 4333 ut
454 4288 522 4331 cum
552 4274 727 4348 corporibus
752 4273 871 4332 animas
893 4270 953 4330 lide
977 4274 1006 4329 et
1029 4275 1116 4331 casta
1137 4279 1266 4331 'conver-

154 4363 275 4423 satione
303 4363 333 4419 in
364 4367 443 4420 terra
474 4359 577 4417 salvas
608 4359 722 4434 lacere,
756 4366 786 4417 et
810 4364 971 4433 postquam
995 4356 1100 4416 Sermo
1123 4360 1153 4415 in
1176 4357 1266 4417 inler-

1014 4444 1052 4501 al
