2752 4778
229 212 301 287 2⁷2

227 398 308 465 θεόν
335 396 497 482 ἀναλόγως
525 398 606 481 πρὸς
634 397 671 461 τοὶ
698 395 823 463 δεκτικὰ
852 398 888 483 τῇ
915 393 1088 479 μεταδόσει
1123 398 1188 461 τοῦτ
1215 389 1322 480 όγαθῦν

227 485 461 565 πληθύνεσθαι.

66 664 121 710 τε,
132 662 177 700 ω,
189 662 221 700 0r
228 620 286 693 Εκ
306 626 374 693 τοῦ
396 619 514 694 αὐτοῦ
537 614 673 746 λόγου,
700 623 748 701 εἰς
770 618 832 706 τό,
860 619 1048 718 Δευτέραν
1073 626 1255 697 κοινωνεῖ
1268 648 1323 695 κοι-

64 714 109 813 ¹61,
111 713 222 813 6666
282 720 448 813 νωνίαν,
474 720 568 795 πολὺ
590 729 653 818 τῆς
674 720 853 820 προτέρας
878 718 1201 819 παραδοξοτέραν.

66 816 148 906 6³66
152 817 222 905 πορν
341 845 442 919 Οῦκ
423 879 460 932 ην
478 850 683 936 θαυμαστόν,
706 849 747 928 ὥς
765 846 874 937 οἶμαι,
898 860 1068 934 τοσοῦτον,
1093 862 1216 969 καίπερ
1238 853 1274 922 όν
1289 882 1324 937 τη·

230 945 393 1021 λικσῦτον,
425 936 462 1004 τό
492 937 570 1004 κατὰ
600 937 651 1018 τὴν
680 937 808 1049 μραίτην
836 938 955 1007 πλόσιι
983 940 1137 1028 καθαρὰν
1167 965 1270 1008 ουσαν
1289 940 1325 1021 νῦν

229 1027 326 1113 φύσιν
354 1030 416 1091 τιῦν
430 1022 641 1132 ἀνθρώπων,
673 1026 727 1090 οἵτε
750 1023 785 1104 δῆ
807 1031 892 1112 χειρὶ
915 1030 996 1093 θεοῦ
1017 1032 1238 1137 τιμηθεῖσαν,
1265 1026 1326 1115 πρός

228 1121 396 1180 κοινωνίαν
424 1110 539 1177 ἑαυτοῦ
568 1115 620 1176 διὰ
649 1116 702 1191 τῆς
723 1111 956 1226 ἓμπνεῦσεως
941 1108 1070 1223 ιίγαγείν
1092 1112 1153 1180 τόν
1175 1112 1274 1197 θεόν,
1271 1118 1326 1225 τό

230 1197 333 1309 ῦροίῳ
360 1197 574 1303 μεταδιδόντα
600 1202 651 1277 τῆς
680 1225 738 1263 κατ
767 1199 875 1265 εἶκονα
898 1196 1037 1276 θείας
1013 1200 1234 1313 ωραιότητος,
1267 1202 1363 1267 ὅσοι

229 1286 264 1352 τό
288 1282 494 1373 ῥοπωθείσαν
517 1284 628 1389 166166
650 1292 702 1350 καὶ
724 1290 807 1350 θεοῦ
829 1286 1103 1370 δραπετεύσασαν,
1141 1286 1184 1354 δι’
1208 1280 1290 1355 ὦκ’
1272 1312 1355 1355 ανε·.

227 1372 350 1457 μόξατο
380 1375 515 1453 παθῶν,
548 1370 640 1459 ταύτῃ
663 1376 898 1481 προςομιλῆσαι
922 1376 1184 1483 καταδέξασθαι,
1215 1376 1327 1442 καὶτοῦ

228 1466 374 1545 χείρονος
400 1468 585 1563 μετασχεῖν
620 1463 673 1522 καὶ
704 1463 748 1545 τῷ
774 1457 873 1537 πάντη
903 1464 964 1524 τιῦν
992 1458 1194 1545 πραγμάτων
1224 1458 1326 1549 ἆμίττη

230 1573 264 1635 τη
251 1543 492 1655 ’παραδόξιμ
481 1543 589 1609 ενόσει
612 1556 849 1651 προςεπιτείναι
872 1542 907 1609 τό
920 1550 1047 1656 θαῦμα.
1096 1548 1270 1653 Πρότερον
1284 1550 1327 1633 μίν

229 1631 288 1715 γὰρ
320 1658 378 1696 κατ
415 1633 527 1741 σμδένα
549 1628 670 1735 τρόπον
693 1630 709 1710 6
706 1626 830 1714 λόγον
853 1628 964 1709 οῦσίας
985 1630 1004 1713 6
1026 1629 1256 1715 ῦποστόσεως,
1282 1636 1328 1699 τόν

230 1718 262 1782 ἐν
287 1711 392 1794 οἷς
357 1745 394 1781 τα
419 1715 494 1783 ὄντα
516 1715 619 1781 πάντα
640 1721 822 1793 καθολικῶς
843 1722 1030 1828 θεωρεῖται,
1065 1746 1102 1785 το
1089 1718 1161 1787 ἓν
1184 1720 1269 1808 πρὸς
1286 1718 1328 1787 τόν

230 1799 354 1868 θεόν
338 1831 354 1882 η
386 1803 481 1911 φύσις
508 1802 647 1913 666666,
681 1808 734 1868 νῦν
763 1806 797 1867 δὲ
826 1802 862 1869 τό
892 1800 973 1870 καθ
1001 1802 1185 1914 ῦμόστασιν
1208 1810 1245 1875 ἓν
1263 1804 1328 1917 ’πρός

230 1886 326 1997 αὐτόν
356 1888 408 1953 διὰ
437 1893 490 1969 τῆς
508 1887 674 2000 αφρόστον
697 1887 838 1965 ἑνώσεως
843 1890 966 1997 ἔλαβε,
997 1891 1053 1956 τόν
1075 1894 1204 1959 οἰκείαν
1227 1892 1362 1977 666066

1355 684 1363 733 λ

229 1974 307 2042 κατιὶ
337 1974 390 2055 την
413 1973 526 2042 οῦσίαν
547 1973 770 2052 ἇναλλοιιότως
790 1974 871 2084 πρός
893 1976 946 2088 την
966 1983 1061 2043 θείαν
1084 1976 1205 2047 οῦσίαν
1227 1980 1329 2086 διόγο·
1320 1944 1368 2623 ρ

1359 2640 1367 2673 ί

231 2089 288 2147 ρον
299 2026 573 2177 διόωολόττουσμ
601 2062 714 2146 λόγον,
742 2061 825 2173 πρός
846 2059 882 2142 ἣν
904 2063 968 2149 ἔχει
990 2063 1101 2128 διδ”
1064 2092 1119 2146 της
1141 2066 1285 2144 ἑνιόσεως
1301 2091 1330 2131 το

230 2130 309 2216 καθ’
341 2146 520 2217 ὑπόστασιν
550 2151 586 2215 ἓν
619 2156 672 2215 καὶ
705 2147 932 2261 διαίρορον,“
919 2177 971 2216 ινα
1005 2154 1050 2239 τρῦ
1080 2158 1142 2238 μὲν
1176 2158 1237 2220 τοῦ
1263 2148 1330 2221 εἶναι

231 2236 333 2347 6666,
365 2234 445 2302 καθ’
475 2233 511 2300 δν
540 2240 698 2343 γεγένηται
727 2243 781 2301 καὶ
810 2236 894 2315 ἔστι,
928 2216 1073 2323 διαμένοι
1103 2239 1141 2305 τό
1171 2239 1285 2323 ἑαυτῆς
1303 2236 1331 2305 όν

231 2332 345 2410 κυρίως
366 2324 485 2407 ἔχουσα
507 2321 584 2433 κμτά
606 2321 708 2428 πόντα
730 2322 852 2406 τρόπον
869 2320 1041 2409 όμείωτον,
1065 2350 1110 2415 τω
1094 2329 1165 2391 δὲ
1184 2354 1244 2393 του
1230 2326 1329 2439 ’πωςΙ

69 2404 312 2481 οω.ιτ15ο.είναι
340 2408 434 2518 λόγῳ
454 2409 490 2474 τό
518 2408 691 2495 ῦφεστόναι
721 2412 839 2485 θεϊκιῦς
865 2414 1009 2493 λαβοῦσα
1037 2414 1089 2491 τῆς
1095 2418 1194 2518 περί
1213 2441 1243 2480 τι
1265 2412 1331 2481 6666

232 2496 380 2576 κινήσεως
401 2494 455 2574 τὴν
477 2492 580 2602 ῥοπῆν
601 2500 760 2572 παντελῶς
779 2495 857 2580 μήτε
878 2496 1030 2586 γινώσκη,
1059 2497 1138 2583 μήτε
1161 2508 1329 2609 προςίητσι

233 2582 338 2662 Ταῦτη
368 2586 444 2666 γοῦν
468 2581 550 2647 πολῦ
572 2586 625 2661 τῆς
646 2586 803 2689 προτέρας
823 2567 1142 2691 παραδοξοτέραν
1108 2612 1163 2665 την
1186 2587 1288 2698 πρὸς
1289 2585 1331 2693 τρι

232 2669 352 2772 φύσιν
358 2674 420 2733 τῶν
448 2664 673 2778 ἀνθρώπων
657 2694 674 2734 ο
697 2668 812 2779 Ηλόγος
830 2667 1004 2750 ἐποιήσατο
1029 2679 1224 2779 κοινωνίαν,
1252 2670 1330 2753 αῦτῆι

233 2754 405 2841 τὴνφύσιν
428 2751 623 2830 οῦσιωδιῦς(
611 2759 712 2841 εαυτρῦ
733 2752 851 2820 καθΗ
835 2755 1013 2822 υπόστασιν
1034 2756 1163 2835 ἐνούσας

69 2937 222 3039 66666'666
229 2912 291 2982 Ἐκ
312 2918 380 2983 τοῦ
403 2911 539 2996 αὐτοῦ,
568 2909 672 2992 εὶς
633 2939 697 3001 το,
727 2910 822 2985 Νυνὶ
839 2910 961 3005 δόμοι
982 2910 1145 2996 δέξαι
1104 2941 1176 3008 την
1197 2910 1330 3011 κύησιν,

69 3002 223 3133 {66:26⁹
283 3011 346 3087 καὶ
361 3011 667 3143 προσκίρενγσον,
701 3012 763 3087 καὶ
786 3017 816 3087 εἰ
836 3014 888 3109 μὴ
910 3012 960 3097 ὡς
975 3014 1198 3111 Ἰωάννης’
1174 3014 1251 3092 απὸ
1270 3042 1331 3116 γα·

285 3114 412 3215 στρός,
443 3114 516 3189 666³
549 3144 600 3199 ως
621 3113 789 3214 Δαβὶδ
774 3115 831 3190 επὶ
859 3147 904 3212 τγ
934 3118 1163 3192 καταπαύσει
1195 3126 1262 3216 τῆς
1286 3146 1330 3193 κι

280 3221 419 3315 βωτοῦ.
1170 3248 1177 3259 ·

334 3335 516 3418 Ἰωάννης(
500 3364 517 3403 ο
539 3342 636 3422 μέγας
659 3334 696 3403 06
716 3338 818 3420 μόνον
837 3346 1009 3424 μετανοίας
1029 3346 1084 3405 καὶ
1109 3346 1163 3421 τῆς
1186 3341 1268 3408 κατὰ
1288 3366 1333 3419 τηι

231 3423 406 3534 πρακτικὴν
426 3431 627 3533 φιλοσοφίαν
648 3421 808 3501 ἀπαθείας
830 3432 884 3491 καὶ
904 3431 1076 3509 γνωστικῆς
1092 3432 1242 3536 θεωρίας
1258 3428 1334 3495 ἐστίν

232 3509 339 3589 είκδιν,
370 3515 422 3590 τῆς
442 3515 501 3595 μὲν
522 3507 564 3587 ὡς
570 3512 681 3619 κῆρυξ
704 3516 757 3575 καὶ
779 3510 971 3620 βαπτιστὴς,
999 3517 1052 3592 τῆς
1073 3510 1154 3577 66‘
1130 3539 1174 3591 ως
1198 3513 1335 3601 ἐρημίτης

231 3602 285 3661 καὶ
307 3602 364 3663 τοῦ
384 3597 508 3679 κόσμου
531 3595 632 3675 πιίντη
655 3602 903 3681 κεχωρισμένος,
931 3604 985 3678 τῆς
1006 3595 1086 3663 δὲ
1064 3624 1107 3674 ως
1128 3605 1270 3681 Λευίτης
1289 3606 1334 3667 τοῦ

232 3681 332 3765 ἱερεῦς
360 3689 413 3748 καὶ
442 3687 524 3748 θεοῦ
551 3682 649 3765 λόγου
671 3682 873 3787 πρόδρομος,
907 3684 985 3751 6666
1010 3690 1062 3795 κμὶ
1086 3690 1139 3764 τῆς
1162 3686 1198 3751 ἐν
1221 3687 1336 3761 τούτοις

231 3768 309 3833 κατὰ
345 3772 398 3848 τὴν
434 3768 498 3845 ἕξιν
535 3766 688 3853 ότρεψίας
720 3770 900 3876 σύμβολον,
936 3796 978 3847 ως
1015 3768 1079 3836 οἷπό
1118 3774 1263 3883 γαστρός
1289 3778 1334 3839 καί

230 3860 324 3939 μέχρι
355 3853 498 3920 θανάτου
527 3856 582 3921 τόν
611 3854 643 3919 ἐν
671 3854 797 3932 τούτοις
827 3852 878 3935 τῦς
906 3861 1008 3962 ψγχῆς
1036 3859 1131 3924 τόνον
1159 3856 1370 3943 ἀμείλικτον

232 3940 431 4024 διατηρήσας
488 3937 528 4005 0
563 3943 598 4005 δὲ
625 3946 733 4025 Δαβιδ
758 3941 1025 4054 ἐξομολογησεως
1051 3944 1202 4028 πράξεώς
1232 3972 1264 4014 τε
1290 3950 1334 4013 καλ

233 4033 371 4132 θεωρίας
392 4033 446 4092 καὶ
469 4023 564 4104 αῦτός
585 4026 671 4137 ἐστιγ
693 4028 803 4106 είκολν,
837 4054 879 4104 ως
900 4033 953 4109 τῆς
971 4027 1147 4115 Ἰουδαϊκῆς
1162 4037 1272 4142 φυλῆς
1290 4037 1334 4100 καὶ

232 4110 351 4222 ποιμῆγ
379 4113 536 4222 πρότερον
563 4120 617 4178 καὶ
641 4115 773 4199 ὕστερον
794 4115 958 4198 βασιλεῦς,
992 4121 1046 4181 καὶ
1070 4121 1133 4181 τοῦν
1154 4115 1336 4231 66606166

232 4196 410 4282 ιίναιρέτης,
434 4196 472 4264 06
489 4197 550 4285 μὴν
573 4203 682 4266 δὲκαὶ
706 4205 758 4279 τῆς
778 4201 899 4266 τούτων
920 4200 999 4267 κατὰ
1023 4199 1078 4281 την
1099 4202 1212 4280 δξιν’
1190 4212 1336 4311 ατρεψίις

232 4283 404 4393 σύμβολον.
459 4289 627 4395 Παρέπεσε
657 4284 716 4373 γὰρ
738 4287 818 4398 μετὰ
840 4286 894 4367 τὴν
917 4288 1103 4399 ἐπίγνωσιν,
1135 4287 1372 4401 ἀνθρώπινόν

231 4396 261 4434 τι
290 4369 424 4452 παθων,
458 4378 512 4437 καὶ
542 4369 596 4450 τὴν
625 4371 690 4450 ἕξιν
718 4377 771 4452 τῆς
799 4371 909 4460 ἀρετῆς
936 4380 990 4440 καὶ
1023 4400 1077 4453 της
1107 4375 1262 4459 γνώσεως
1288 4372 1334 4445 m
1368 4424 1372 4477 ρ
