<?xml version="1.0" encoding="UTF-8"?>
<!DOCTYPE html PUBLIC "-//W3C//DTD XHTML 1.0 Transitional//EN"
    "http://www.w3.org/TR/xhtml1/DTD/xhtml1-transitional.dtd">
<html xmlns="http://www.w3.org/1999/xhtml" xml:lang="en" lang="en">
 <head>
  <title>
</title>
<meta http-equiv="Content-Type" content="text/html;charset=utf-8" />
  <meta name='ocr-system' content='tesseract 3.04.00' />
  <meta name='ocr-capabilities' content='ocr_page ocr_carea ocr_par ocr_line ocrx_word'/>
</head>
<body>
  <div class='ocr_page' id='page_1' title='image "./sanctipatrisnos00maxigoog_0244.png"; bbox 0 0 2752 4778; ppageno 0'>
   <div class='ocr_carea' id='block_1_1' title="bbox 1141 200 1212 275">
    <p class='ocr_par' dir='ltr' id='par_1_1' title="bbox 1141 200 1212 275">
     <span class='ocr_line' id='line_1_1' title="bbox 1141 200 1212 275; baseline -0.056 0"><span class='ocrx_word' id='word_1_1' title='bbox 1141 200 1212 275; x_wconf 75' lang='lat' dir='ltr'>loa</span> 
     </span>
    </p>
   </div>
   <div class='ocr_carea' id='block_1_2' title="bbox 112 378 1220 4342">
    <p class='ocr_par' dir='ltr' id='par_1_2' title="bbox 112 378 1220 4342">
     <span class='ocr_line' id='line_1_2' title="bbox 112 378 1214 459; baseline 0.005 -18"><span class='ocrx_word' id='word_1_2' title='bbox 112 396 179 456; x_wconf 91' lang='lat' dir='ltr'>eru,</span> <span class='ocrx_word' id='word_1_3' title='bbox 194 378 253 440; x_wconf 81' lang='lat' dir='ltr'>ad</span> <span class='ocrx_word' id='word_1_4' title='bbox 281 394 360 456; x_wconf 92' lang='lat' dir='ltr'>quae</span> <span class='ocrx_word' id='word_1_5' title='bbox 389 384 419 440; x_wconf 92' lang='lat' dir='ltr'>et</span> <span class='ocrx_word' id='word_1_6' title='bbox 446 384 552 441; x_wconf 90' lang='lat' dir='ltr'>nostra</span> <span class='ocrx_word' id='word_1_7' title='bbox 581 381 665 441; x_wconf 91' lang='lat' dir='ltr'>laute</span> <span class='ocrx_word' id='word_1_8' title='bbox 694 385 786 456; x_wconf 90' lang='lat' dir='ltr'>atque</span> <span class='ocrx_word' id='word_1_9' title='bbox 808 382 968 459; x_wconf 83' lang='lat' dir='ltr'>magnifice</span> <span class='ocrx_word' id='word_1_10' title='bbox 991 383 1146 447; x_wconf 86' lang='lat' dir='ltr'>rationalis</span> <span class='ocrx_word' id='word_1_11' title='bbox 1169 386 1214 448; x_wconf 89' lang='lat' dir='ltr'>la-</span> 
     </span>
     <span class='ocr_line' id='line_1_3' title="bbox 112 465 1212 548; baseline 0.005 -22"><span class='ocrx_word' id='word_1_12' title='bbox 112 468 203 528; x_wconf 75' lang='lat' dir='ltr'>rultas</span> <span class='ocrx_word' id='word_1_13' title='bbox 224 482 263 526; x_wconf 87' lang='lat' dir='ltr'>ex</span> <span class='ocrx_word' id='word_1_14' title='bbox 279 468 347 544; x_wconf 91' lang='lat' dir='ltr'>pari</span> <span class='ocrx_word' id='word_1_15' title='bbox 366 482 494 527; x_wconf 86' lang='lat' dir='ltr'>numero</span> <span class='ocrx_word' id='word_1_16' title='bbox 512 465 686 527; x_wconf 86' lang='lat' dir='ltr'>diffunditur</span> <span class='ocrx_word' id='word_1_17' title='bbox 705 469 735 525; x_wconf 87' lang='lat' dir='ltr'>in</span> <span class='ocrx_word' id='word_1_18' title='bbox 756 473 904 536; x_wconf 80' lang='lat' dir='ltr'><strong>mentem,</strong></span> <span class='ocrx_word' id='word_1_19' title='bbox 935 475 965 529; x_wconf 90' lang='lat' dir='ltr'>et</span> <span class='ocrx_word' id='word_1_20' title='bbox 988 471 1212 548; x_wconf 74' lang='lat' dir='ltr'>cogitationem,</span> 
     </span>
     <span class='ocr_line' id='line_1_4' title="bbox 112 548 1213 629; baseline 0.005 -16"><span class='ocrx_word' id='word_1_21' title='bbox 112 559 133 613; x_wconf 76' lang='grc' dir='ltr'>ει</span> <span class='ocrx_word' id='word_1_22' title='bbox 153 552 359 626; x_wconf 83' lang='grc' dir='ltr'>ἱιιιειΙεειιιιε,</span> <span class='ocrx_word' id='word_1_23' title='bbox 387 548 419 613; x_wconf 84' lang='grc' dir='ltr'>ἐι</span> <span class='ocrx_word' id='word_1_24' title='bbox 442 554 641 624; x_wconf 90' lang='lat' dir='ltr'>senteutiam,</span> <span class='ocrx_word' id='word_1_25' title='bbox 670 559 700 613; x_wconf 94' lang='grc' dir='ltr'>ει</span> <span class='ocrx_word' id='word_1_26' title='bbox 722 555 960 629; x_wconf 87' lang='lat' dir='ltr'>reputationem,</span> <span class='ocrx_word' id='word_1_27' title='bbox 989 562 1020 616; x_wconf 90' lang='lat' dir='ltr'>et</span> <span class='ocrx_word' id='word_1_28' title='bbox 1042 572 1213 619; x_wconf 91' lang='lat' dir='ltr'>sermonem</span> 
     </span>
     <span class='ocr_line' id='line_1_5' title="bbox 113 640 1213 720; baseline 0.005 -22"><span class='ocrx_word' id='word_1_29' title='bbox 113 656 132 698; x_wconf 92' lang='lat' dir='ltr'>n</span> <span class='ocrx_word' id='word_1_30' title='bbox 155 644 259 700; x_wconf 89' lang='lat' dir='ltr'>mente</span> <span class='ocrx_word' id='word_1_31' title='bbox 281 644 479 715; x_wconf 91' lang='lat' dir='ltr'>conceptum,</span> <span class='ocrx_word' id='word_1_32' title='bbox 509 641 599 715; x_wconf 89' lang='lat' dir='ltr'>loque</span> <span class='ocrx_word' id='word_1_33' title='bbox 621 640 772 714; x_wconf 89' lang='lat' dir='ltr'>prolatum</span> <span class='ocrx_word' id='word_1_34' title='bbox 797 646 827 701; x_wconf 91' lang='lat' dir='ltr'>et</span> <span class='ocrx_word' id='word_1_35' title='bbox 849 647 1010 701; x_wconf 88' lang='lat' dir='ltr'>sonantem</span> <span class='ocrx_word' id='word_1_36' title='bbox 1031 660 1213 720; x_wconf 89' lang='lat' dir='ltr'>sermonem,</span> 
     </span>
     <span class='ocr_line' id='line_1_6' title="bbox 112 726 1213 805; baseline 0.004 -20"><span class='ocrx_word' id='word_1_37' title='bbox 112 742 162 786; x_wconf 87' lang='lat' dir='ltr'>roc</span> <span class='ocrx_word' id='word_1_38' title='bbox 196 730 244 787; x_wconf 88' lang='lat' dir='ltr'>est</span> <span class='ocrx_word' id='word_1_39' title='bbox 276 742 384 786; x_wconf 87' lang='lat' dir='ltr'>vocem</span> <span class='ocrx_word' id='word_1_40' title='bbox 412 731 442 785; x_wconf 88' lang='lat' dir='ltr'>et</span> <span class='ocrx_word' id='word_1_41' title='bbox 470 726 654 799; x_wconf 88' lang='lat' dir='ltr'>clamorem,</span> <span class='ocrx_word' id='word_1_42' title='bbox 692 733 721 785; x_wconf 90' lang='grc' dir='ltr'>ει</span> <span class='ocrx_word' id='word_1_43' title='bbox 748 742 856 786; x_wconf 84' lang='grc' dir='ltr'>ιιιιειιε</span> <span class='ocrx_word' id='word_1_44' title='bbox 884 728 1085 805; x_wconf 83' lang='lat' dir='ltr'><strong>recolligitur,</strong></span> <span class='ocrx_word' id='word_1_45' title='bbox 1122 736 1155 790; x_wconf 93' lang='lat' dir='ltr'>ut</span> <span class='ocrx_word' id='word_1_46' title='bbox 1183 731 1213 789; x_wconf 92' lang='lat' dir='ltr'>in</span> 
     </span>
     <span class='ocr_line' id='line_1_7' title="bbox 112 811 1215 890; baseline 0.002 -17"><span class='ocrx_word' id='word_1_47' title='bbox 112 817 219 887; x_wconf 74' lang='lat' dir='ltr'>quanto</span> <span class='ocrx_word' id='word_1_48' title='bbox 241 817 271 872; x_wconf 93' lang='grc' dir='ltr'>ει</span> <span class='ocrx_word' id='word_1_49' title='bbox 293 813 375 888; x_wconf 87' lang='lat' dir='ltr'>quali</span> <span class='ocrx_word' id='word_1_50' title='bbox 396 816 428 871; x_wconf 90' lang='grc' dir='ltr'>ει</span> <span class='ocrx_word' id='word_1_51' title='bbox 449 811 587 887; x_wconf 91' lang='lat' dir='ltr'>reliquis,</span> <span class='ocrx_word' id='word_1_52' title='bbox 620 812 877 887; x_wconf 80' lang='lat' dir='ltr'>quemadmodum</span> <span class='ocrx_word' id='word_1_53' title='bbox 899 818 1127 890; x_wconf 82' lang='lat' dir='ltr'>recensuimus,</span> <span class='ocrx_word' id='word_1_54' title='bbox 1156 816 1215 875; x_wconf 91' lang='lat' dir='ltr'>hu-</span> 
     </span>
     <span class='ocr_line' id='line_1_8' title="bbox 112 899 1214 974; baseline 0.002 -15"><span class='ocrx_word' id='word_1_55' title='bbox 112 914 150 959; x_wconf 90' lang='lat' dir='ltr'>us</span> <span class='ocrx_word' id='word_1_56' title='bbox 173 900 293 974; x_wconf 87' lang='lat' dir='ltr'>absque</span> <span class='ocrx_word' id='word_1_57' title='bbox 316 914 354 958; x_wconf 93' lang='lat' dir='ltr'>ea</span> <span class='ocrx_word' id='word_1_58' title='bbox 375 912 466 972; x_wconf 88' lang='lat' dir='ltr'>quam</span> <span class='ocrx_word' id='word_1_59' title='bbox 489 899 629 959; x_wconf 89' lang='lat' dir='ltr'>doctrina</span> <span class='ocrx_word' id='word_1_60' title='bbox 651 904 682 959; x_wconf 89' lang='lat' dir='ltr'>et</span> <span class='ocrx_word' id='word_1_61' title='bbox 704 915 755 958; x_wconf 88' lang='lat' dir='ltr'>ars</span> <span class='ocrx_word' id='word_1_62' title='bbox 778 901 862 958; x_wconf 91' lang='lat' dir='ltr'>novit</span> <span class='ocrx_word' id='word_1_63' title='bbox 884 900 975 961; x_wconf 90' lang='lat' dir='ltr'>buius</span> <span class='ocrx_word' id='word_1_64' title='bbox 997 900 1167 962; x_wconf 83' lang='lat' dir='ltr'>differentia</span> <span class='ocrx_word' id='word_1_65' title='bbox 1184 908 1214 961; x_wconf 93' lang='grc' dir='ltr'>ει</span> 
     </span>
     <span class='ocr_line' id='line_1_9' title="bbox 112 977 1214 1062; baseline 0.004 -18"><span class='ocrx_word' id='word_1_66' title='bbox 112 977 311 1061; x_wconf 77' lang='lat' dir='ltr'>›ropueutei</span> <span class='ocrx_word' id='word_1_67' title='bbox 355 984 429 1057; x_wconf 81' lang='lat' dir='ltr'>Quis</span> <span class='ocrx_word' id='word_1_68' title='bbox 450 989 498 1044; x_wconf 89' lang='lat' dir='ltr'>est</span> <span class='ocrx_word' id='word_1_69' title='bbox 522 987 570 1060; x_wconf 92' lang='lat' dir='ltr'>qui</span> <span class='ocrx_word' id='word_1_70' title='bbox 595 987 672 1044; x_wconf 93' lang='lat' dir='ltr'>norit</span> <span class='ocrx_word' id='word_1_71' title='bbox 695 1002 798 1045; x_wconf 89' lang='lat' dir='ltr'>eornm</span> <span class='ocrx_word' id='word_1_72' title='bbox 822 1000 901 1062; x_wconf 91' lang='lat' dir='ltr'>quae</span> <span class='ocrx_word' id='word_1_73' title='bbox 924 989 1059 1048; x_wconf 87' lang='lat' dir='ltr'>existunt</span> <span class='ocrx_word' id='word_1_74' title='bbox 1080 990 1214 1048; x_wconf 91' lang='lat' dir='ltr'>rationes</span> 
     </span>
     <span class='ocr_line' id='line_1_10' title="bbox 112 1070 1214 1149; baseline 0.003 -18"><span class='ocrx_word' id='word_1_75' title='bbox 112 1076 136 1131; x_wconf 90' lang='grc' dir='ltr'>ιι</span> <span class='ocrx_word' id='word_1_76' title='bbox 157 1073 251 1132; x_wconf 88' lang='lat' dir='ltr'>etiam</span> <span class='ocrx_word' id='word_1_77' title='bbox 274 1072 427 1142; x_wconf 84' lang='lat' dir='ltr'>existunt,</span> <span class='ocrx_word' id='word_1_78' title='bbox 457 1070 714 1145; x_wconf 80' lang='lat' dir='ltr'>quemadmodum</span> <span class='ocrx_word' id='word_1_79' title='bbox 738 1072 815 1143; x_wconf 87' lang='lat' dir='ltr'>dixi,</span> <span class='ocrx_word' id='word_1_80' title='bbox 844 1078 874 1132; x_wconf 91' lang='grc' dir='ltr'>ει</span> <span class='ocrx_word' id='word_1_81' title='bbox 897 1071 1025 1149; x_wconf 88' lang='lat' dir='ltr'>distant,</span> <span class='ocrx_word' id='word_1_82' title='bbox 1055 1080 1086 1133; x_wconf 89' lang='grc' dir='ltr'>ει</span> <span class='ocrx_word' id='word_1_83' title='bbox 1106 1076 1214 1134; x_wconf 91' lang='lat' dir='ltr'>immo-</span> 
     </span>
     <span class='ocr_line' id='line_1_11' title="bbox 112 1156 1215 1222; baseline 0.003 -5"><span class='ocrx_word' id='word_1_84' title='bbox 112 1157 193 1218; x_wconf 79' lang='lat' dir='ltr'>›llern</span> <span class='ocrx_word' id='word_1_85' title='bbox 231 1156 270 1217; x_wconf 90' lang='lat' dir='ltr'>de</span> <span class='ocrx_word' id='word_1_86' title='bbox 306 1161 413 1217; x_wconf 88' lang='lat' dir='ltr'>natura</span> <span class='ocrx_word' id='word_1_87' title='bbox 447 1162 560 1217; x_wconf 88' lang='lat' dir='ltr'>statum</span> <span class='ocrx_word' id='word_1_88' title='bbox 591 1156 705 1217; x_wconf 87' lang='lat' dir='ltr'>hebent</span> <span class='ocrx_word' id='word_1_89' title='bbox 733 1164 763 1218; x_wconf 91' lang='grc' dir='ltr'>ει</span> <span class='ocrx_word' id='word_1_90' title='bbox 791 1160 953 1218; x_wconf 91' lang='lat' dir='ltr'>motionem</span> <span class='ocrx_word' id='word_1_91' title='bbox 983 1161 1113 1220; x_wconf 91' lang='lat' dir='ltr'>invicem</span> <span class='ocrx_word' id='word_1_92' title='bbox 1144 1176 1215 1222; x_wconf 86' lang='lat' dir='ltr'>sese</span> 
     </span>
     <span class='ocr_line' id='line_1_12' title="bbox 112 1242 1214 1322; baseline 0.004 -20"><span class='ocrx_word' id='word_1_93' title='bbox 112 1260 165 1305; x_wconf 88' lang='lat' dir='ltr'>ron</span> <span class='ocrx_word' id='word_1_94' title='bbox 194 1245 368 1319; x_wconf 91' lang='lat' dir='ltr'>turbantes,</span> <span class='ocrx_word' id='word_1_95' title='bbox 399 1242 470 1304; x_wconf 90' lang='lat' dir='ltr'>dum</span> <span class='ocrx_word' id='word_1_96' title='bbox 500 1245 528 1302; x_wconf 94' lang='lat' dir='ltr'>in</span> <span class='ocrx_word' id='word_1_97' title='bbox 560 1246 693 1304; x_wconf 90' lang='lat' dir='ltr'>motione</span> <span class='ocrx_word' id='word_1_98' title='bbox 723 1249 854 1320; x_wconf 90' lang='lat' dir='ltr'>statum,</span> <span class='ocrx_word' id='word_1_99' title='bbox 885 1249 914 1304; x_wconf 91' lang='lat' dir='ltr'>et</span> <span class='ocrx_word' id='word_1_100' title='bbox 944 1247 974 1303; x_wconf 93' lang='lat' dir='ltr'>in</span> <span class='ocrx_word' id='word_1_101' title='bbox 1005 1253 1104 1318; x_wconf 89' lang='lat' dir='ltr'>statu,</span> <span class='ocrx_word' id='word_1_102' title='bbox 1133 1245 1214 1322; x_wconf 88' lang='lat' dir='ltr'>quod</span> 
     </span>
     <span class='ocr_line' id='line_1_13' title="bbox 112 1329 1213 1406; baseline 0.003 -16"><span class='ocrx_word' id='word_1_103' title='bbox 112 1331 236 1391; x_wconf 79' lang='lat' dir='ltr'>maxime</span> <span class='ocrx_word' id='word_1_104' title='bbox 265 1330 397 1400; x_wconf 89' lang='lat' dir='ltr'>mireris,</span> <span class='ocrx_word' id='word_1_105' title='bbox 436 1331 600 1391; x_wconf 88' lang='lat' dir='ltr'>motionem</span> <span class='ocrx_word' id='word_1_106' title='bbox 630 1329 768 1389; x_wconf 84' lang='lat' dir='ltr'>habenti</span> <span class='ocrx_word' id='word_1_107' title='bbox 804 1331 959 1406; x_wconf 88' lang='lat' dir='ltr'>quodnam</span> <span class='ocrx_word' id='word_1_108' title='bbox 993 1335 1213 1393; x_wconf 89' lang='lat' dir='ltr'>contrariorum</span> 
     </span>
     <span class='ocr_line' id='line_1_14' title="bbox 112 1416 1214 1490; baseline 0.001 -15"><span class='ocrx_word' id='word_1_109' title='bbox 112 1423 180 1477; x_wconf 92' lang='lat' dir='ltr'>nter</span> <span class='ocrx_word' id='word_1_110' title='bbox 201 1429 237 1475; x_wconf 92' lang='lat' dir='ltr'>se</span> <span class='ocrx_word' id='word_1_111' title='bbox 259 1417 290 1475; x_wconf 94' lang='lat' dir='ltr'>ln</span> <span class='ocrx_word' id='word_1_112' title='bbox 312 1417 403 1476; x_wconf 88' lang='lat' dir='ltr'>unius</span> <span class='ocrx_word' id='word_1_113' title='bbox 426 1416 532 1476; x_wconf 90' lang='lat' dir='ltr'>mundi</span> <span class='ocrx_word' id='word_1_114' title='bbox 555 1418 802 1476; x_wconf 87' lang='lat' dir='ltr'>constitutionem</span> <span class='ocrx_word' id='word_1_115' title='bbox 826 1420 865 1477; x_wconf 89' lang='lat' dir='ltr'>sit</span> <span class='ocrx_word' id='word_1_116' title='bbox 888 1418 1056 1490; x_wconf 89' lang='lat' dir='ltr'>vinculum,</span> <span class='ocrx_word' id='word_1_117' title='bbox 1082 1424 1112 1477; x_wconf 89' lang='lat' dir='ltr'>et</span> <span class='ocrx_word' id='word_1_118' title='bbox 1134 1420 1214 1479; x_wconf 86' lang='lat' dir='ltr'>ordi-</span> 
     </span>
     <span class='ocr_line' id='line_1_15' title="bbox 112 1502 1215 1580; baseline 0.002 -19"><span class='ocrx_word' id='word_1_119' title='bbox 112 1505 165 1564; x_wconf 84' lang='lat' dir='ltr'>rati</span> <span class='ocrx_word' id='word_1_120' title='bbox 195 1508 226 1563; x_wconf 89' lang='grc' dir='ltr'>ει</span> <span class='ocrx_word' id='word_1_121' title='bbox 252 1502 403 1562; x_wconf 77' lang='lat' dir='ltr'>inconfusi</span> <span class='ocrx_word' id='word_1_122' title='bbox 434 1509 535 1564; x_wconf 86' lang='lat' dir='ltr'>motus</span> <span class='ocrx_word' id='word_1_123' title='bbox 558 1508 588 1562; x_wconf 91' lang='grc' dir='ltr'>ει</span> <span class='ocrx_word' id='word_1_124' title='bbox 611 1503 882 1564; x_wconf 77' lang='lat' dir='ltr'>administrationis</span> <span class='ocrx_word' id='word_1_125' title='bbox 905 1503 1040 1564; x_wconf 72' lang='lat' dir='ltr'>modus?</span> <span class='ocrx_word' id='word_1_126' title='bbox 1073 1506 1124 1580; x_wconf 91' lang='lat' dir='ltr'>qui</span> <span class='ocrx_word' id='word_1_127' title='bbox 1147 1522 1215 1565; x_wconf 91' lang='lat' dir='ltr'>rur·</span> 
     </span>
     <span class='ocr_line' id='line_1_16' title="bbox 112 1590 1214 1666; baseline 0 -17"><span class='ocrx_word' id='word_1_128' title='bbox 112 1606 172 1649; x_wconf 80' lang='lat' dir='ltr'>rum</span> <span class='ocrx_word' id='word_1_129' title='bbox 201 1591 233 1648; x_wconf 91' lang='lat' dir='ltr'>in</span> <span class='ocrx_word' id='word_1_130' title='bbox 261 1590 439 1664; x_wconf 89' lang='lat' dir='ltr'>corporibus</span> <span class='ocrx_word' id='word_1_131' title='bbox 468 1590 582 1649; x_wconf 88' lang='lat' dir='ltr'>nostris</span> <span class='ocrx_word' id='word_1_132' title='bbox 605 1591 822 1650; x_wconf 91' lang='lat' dir='ltr'>contrariorum</span> <span class='ocrx_word' id='word_1_133' title='bbox 847 1591 1016 1651; x_wconf 89' lang='lat' dir='ltr'>secundum</span> <span class='ocrx_word' id='word_1_134' title='bbox 1039 1593 1214 1666; x_wconf 87' lang='lat' dir='ltr'>permixtio-</span> 
     </span>
     <span class='ocr_line' id='line_1_17' title="bbox 112 1676 1212 1753; baseline 0 -18"><span class='ocrx_word' id='word_1_135' title='bbox 112 1692 172 1735; x_wconf 87' lang='lat' dir='ltr'>rem</span> <span class='ocrx_word' id='word_1_136' title='bbox 195 1676 376 1750; x_wconf 82' lang='lat' dir='ltr'>compositio</span> <span class='ocrx_word' id='word_1_137' title='bbox 398 1677 437 1736; x_wconf 90' lang='lat' dir='ltr'>sit</span> <span class='ocrx_word' id='word_1_138' title='bbox 459 1691 495 1735; x_wconf 89' lang='lat' dir='ltr'>ac</span> <span class='ocrx_word' id='word_1_139' title='bbox 517 1692 632 1750; x_wconf 81' lang='lat' dir='ltr'>nexus,</span> <span class='ocrx_word' id='word_1_140' title='bbox 663 1692 723 1752; x_wconf 93' lang='lat' dir='ltr'>quo</span> <span class='ocrx_word' id='word_1_141' title='bbox 747 1692 825 1753; x_wconf 90' lang='lat' dir='ltr'>quae</span> <span class='ocrx_word' id='word_1_142' title='bbox 848 1678 1025 1738; x_wconf 89' lang='lat' dir='ltr'>naturaliter</span> <span class='ocrx_word' id='word_1_143' title='bbox 1045 1677 1161 1738; x_wconf 88' lang='lat' dir='ltr'>distant</span> <span class='ocrx_word' id='word_1_144' title='bbox 1182 1679 1212 1735; x_wconf 92' lang='lat' dir='ltr'>in</span> 
     </span>
     <span class='ocr_line' id='line_1_18' title="bbox 112 1762 1214 1844; baseline 0 -21"><span class='ocrx_word' id='word_1_145' title='bbox 112 1762 251 1823; x_wconf 77' lang='lat' dir='ltr'>amiliare</span> <span class='ocrx_word' id='word_1_146' title='bbox 269 1763 506 1844; x_wconf 21' lang='lat' dir='ltr'>*contubernium</span> <span class='ocrx_word' id='word_1_147' title='bbox 529 1767 694 1839; x_wconf 80' lang='lat' dir='ltr'>eoguntur,</span> <span class='ocrx_word' id='word_1_148' title='bbox 727 1765 837 1839; x_wconf 92' lang='lat' dir='ltr'>quique</span> <span class='ocrx_word' id='word_1_149' title='bbox 859 1765 1022 1825; x_wconf 88' lang='lat' dir='ltr'>medietate</span> <span class='ocrx_word' id='word_1_150' title='bbox 1041 1765 1214 1825; x_wconf 86' lang='lat' dir='ltr'>extremita-</span> 
     </span>
     <span class='ocr_line' id='line_1_19' title="bbox 112 1848 1214 1925; baseline 0.001 -16"><span class='ocrx_word' id='word_1_151' title='bbox 112 1864 164 1909; x_wconf 91' lang='lat' dir='ltr'>um</span> <span class='ocrx_word' id='word_1_152' title='bbox 187 1848 399 1909; x_wconf 83' lang='lat' dir='ltr'>austeritatem</span> <span class='ocrx_word' id='word_1_153' title='bbox 423 1849 555 1925; x_wconf 85' lang='lat' dir='ltr'>mitigat,</span> <span class='ocrx_word' id='word_1_154' title='bbox 578 1864 693 1924; x_wconf 84' lang='lat' dir='ltr'>perque</span> <span class='ocrx_word' id='word_1_155' title='bbox 713 1866 747 1909; x_wconf 90' lang='lat' dir='ltr'>se</span> <span class='ocrx_word' id='word_1_156' title='bbox 767 1852 897 1909; x_wconf 84' lang='lat' dir='ltr'>invicem</span> <span class='ocrx_word' id='word_1_157' title='bbox 915 1867 1018 1910; x_wconf 89' lang='lat' dir='ltr'>meare</span> <span class='ocrx_word' id='word_1_158' title='bbox 1035 1852 1109 1910; x_wconf 83' lang='lat' dir='ltr'>sine</span> <span class='ocrx_word' id='word_1_159' title='bbox 1132 1867 1214 1910; x_wconf 89' lang='lat' dir='ltr'>noxa</span> 
     </span>
     <span class='ocr_line' id='line_1_20' title="bbox 112 1933 1215 2010; baseline -0.001 -15"><span class='ocrx_word' id='word_1_160' title='bbox 112 1936 239 2009; x_wconf 86' lang='lat' dir='ltr'>nstruit,</span> <span class='ocrx_word' id='word_1_161' title='bbox 271 1938 302 1994; x_wconf 92' lang='grc' dir='ltr'>ει</span> <span class='ocrx_word' id='word_1_162' title='bbox 323 1933 402 1994; x_wconf 86' lang='lat' dir='ltr'>hanc</span> <span class='ocrx_word' id='word_1_163' title='bbox 425 1935 660 2010; x_wconf 91' lang='lat' dir='ltr'>compositorum</span> <span class='ocrx_word' id='word_1_164' title='bbox 684 1936 878 1997; x_wconf 89' lang='lat' dir='ltr'>stabilitatem</span> <span class='ocrx_word' id='word_1_165' title='bbox 900 1938 1043 2009; x_wconf 91' lang='lat' dir='ltr'>instituit,</span> <span class='ocrx_word' id='word_1_166' title='bbox 1073 1938 1215 1996; x_wconf 88' lang='lat' dir='ltr'>extremi-</span> 
     </span>
     <span class='ocr_line' id='line_1_21' title="bbox 112 2020 1214 2100; baseline -0.002 -17"><span class='ocrx_word' id='word_1_167' title='bbox 112 2026 195 2083; x_wconf 88' lang='lat' dir='ltr'>atum</span> <span class='ocrx_word' id='word_1_168' title='bbox 227 2020 398 2081; x_wconf 86' lang='lat' dir='ltr'>secundum</span> <span class='ocrx_word' id='word_1_169' title='bbox 428 2023 603 2081; x_wconf 84' lang='lat' dir='ltr'>mixtionem</span> <span class='ocrx_word' id='word_1_170' title='bbox 633 2023 664 2080; x_wconf 90' lang='lat' dir='ltr'>in</span> <span class='ocrx_word' id='word_1_171' title='bbox 693 2023 881 2088; x_wconf 86' lang='lat' dir='ltr'>seinvicem</span> <span class='ocrx_word' id='word_1_172' title='bbox 905 2022 1154 2100; x_wconf 83' lang='lat' dir='ltr'>congressionem</span> <span class='ocrx_word' id='word_1_173' title='bbox 1179 2038 1214 2081; x_wconf 92' lang='lat' dir='ltr'>ac</span> 
     </span>
     <span class='ocr_line' id='line_1_22' title="bbox 112 2107 1214 2184; baseline -0.002 -16"><span class='ocrx_word' id='word_1_174' title='bbox 112 2107 250 2180; x_wconf 83' lang='lat' dir='ltr'>editum,</span> <span class='ocrx_word' id='word_1_175' title='bbox 281 2112 312 2167; x_wconf 89' lang='lat' dir='ltr'>et</span> <span class='ocrx_word' id='word_1_176' title='bbox 341 2108 494 2180; x_wconf 90' lang='lat' dir='ltr'>quomodo</span> <span class='ocrx_word' id='word_1_177' title='bbox 525 2108 632 2168; x_wconf 90' lang='lat' dir='ltr'>borum</span> <span class='ocrx_word' id='word_1_178' title='bbox 664 2108 903 2183; x_wconf 91' lang='lat' dir='ltr'>unumquodque</span> <span class='ocrx_word' id='word_1_179' title='bbox 925 2111 981 2183; x_wconf 90' lang='lat' dir='ltr'>sit,</span> <span class='ocrx_word' id='word_1_180' title='bbox 1017 2108 1140 2184; x_wconf 91' lang='lat' dir='ltr'>etquid</span> <span class='ocrx_word' id='word_1_181' title='bbox 1165 2109 1214 2177; x_wconf 88' lang='lat' dir='ltr'>sit,</span> 
     </span>
     <span class='ocr_line' id='line_1_23' title="bbox 112 2188 1215 2271; baseline 0.002 -23"><span class='ocrx_word' id='word_1_182' title='bbox 112 2199 127 2254; x_wconf 86' lang='lat' dir='ltr'>t</span> <span class='ocrx_word' id='word_1_183' title='bbox 160 2210 225 2270; x_wconf 92' lang='lat' dir='ltr'>quo</span> <span class='ocrx_word' id='word_1_184' title='bbox 252 2192 353 2253; x_wconf 80' lang='lat' dir='ltr'>laneos</span> <span class='ocrx_word' id='word_1_185' title='bbox 382 2199 435 2254; x_wconf 93' lang='lat' dir='ltr'>aut</span> <span class='ocrx_word' id='word_1_186' title='bbox 460 2195 557 2254; x_wconf 93' lang='lat' dir='ltr'>latum</span> <span class='ocrx_word' id='word_1_187' title='bbox 585 2200 615 2254; x_wconf 90' lang='lat' dir='ltr'>et</span> <span class='ocrx_word' id='word_1_188' title='bbox 638 2193 675 2253; x_wconf 94' lang='lat' dir='ltr'>ad</span> <span class='ocrx_word' id='word_1_189' title='bbox 697 2188 769 2269; x_wconf 91' lang='lat' dir='ltr'>&#39;quid</span> <span class='ocrx_word' id='word_1_190' title='bbox 792 2196 968 2271; x_wconf 88' lang='lat' dir='ltr'>perveniat,</span> <span class='ocrx_word' id='word_1_191' title='bbox 997 2194 1044 2252; x_wconf 89' lang='lat' dir='ltr'>vel</span> <span class='ocrx_word' id='word_1_192' title='bbox 1068 2194 1144 2253; x_wconf 84' lang='lat' dir='ltr'>ierat</span> <span class='ocrx_word' id='word_1_193' title='bbox 1168 2193 1215 2253; x_wconf 87' lang='lat' dir='ltr'>vel</span> 
     </span>
     <span class='ocr_line' id='line_1_24' title="bbox 112 2279 1214 2356; baseline -0.004 -13"><span class='ocrx_word' id='word_1_194' title='bbox 112 2287 233 2356; x_wconf 85' lang='lat' dir='ltr'>eretur,</span> <span class='ocrx_word' id='word_1_195' title='bbox 265 2294 327 2340; x_wconf 92' lang='lat' dir='ltr'>non</span> <span class='ocrx_word' id='word_1_196' title='bbox 355 2280 469 2355; x_wconf 92' lang='lat' dir='ltr'>solum,</span> <span class='ocrx_word' id='word_1_197' title='bbox 500 2285 535 2341; x_wconf 91' lang='lat' dir='ltr'>ut</span> <span class='ocrx_word' id='word_1_198' title='bbox 556 2280 670 2340; x_wconf 87' lang='lat' dir='ltr'>dictum</span> <span class='ocrx_word' id='word_1_199' title='bbox 693 2286 758 2355; x_wconf 91' lang='lat' dir='ltr'>est,</span> <span class='ocrx_word' id='word_1_200' title='bbox 794 2282 903 2356; x_wconf 89' lang='lat' dir='ltr'>quibus</span> <span class='ocrx_word' id='word_1_201' title='bbox 926 2298 944 2340; x_wconf 93' lang='lat' dir='ltr'>a</span> <span class='ocrx_word' id='word_1_202' title='bbox 967 2280 1115 2356; x_wconf 89' lang='lat' dir='ltr'>principio</span> <span class='ocrx_word' id='word_1_203' title='bbox 1136 2279 1214 2339; x_wconf 84' lang='lat' dir='ltr'>haec</span> 
     </span>
     <span class='ocr_line' id='line_1_25' title="bbox 113 2365 1213 2442; baseline -0.004 -13"><span class='ocrx_word' id='word_1_204' title='bbox 113 2368 238 2429; x_wconf 85' lang='lat' dir='ltr'>xistunt</span> <span class='ocrx_word' id='word_1_205' title='bbox 265 2366 446 2442; x_wconf 86' lang='lat' dir='ltr'>rationibus,</span> <span class='ocrx_word' id='word_1_206' title='bbox 476 2365 533 2428; x_wconf 91' lang='lat' dir='ltr'>sed</span> <span class='ocrx_word' id='word_1_207' title='bbox 561 2368 651 2428; x_wconf 88' lang='lat' dir='ltr'>etiam</span> <span class='ocrx_word' id='word_1_208' title='bbox 682 2368 791 2442; x_wconf 90' lang='lat' dir='ltr'>quibus</span> <span class='ocrx_word' id='word_1_209' title='bbox 822 2368 861 2427; x_wconf 91' lang='lat' dir='ltr'>ad</span> <span class='ocrx_word' id='word_1_210' title='bbox 885 2384 919 2427; x_wconf 92' lang='grc' dir='ltr'>εε</span> <span class='ocrx_word' id='word_1_211' title='bbox 941 2368 1009 2442; x_wconf 91' lang='lat' dir='ltr'>ipsa</span> <span class='ocrx_word' id='word_1_212' title='bbox 1032 2372 1061 2425; x_wconf 88' lang='lat' dir='ltr'>et</span> <span class='ocrx_word' id='word_1_213' title='bbox 1084 2367 1213 2425; x_wconf 88' lang='lat' dir='ltr'>invicem</span> 
     </span>
     <span class='ocr_line' id='line_1_26' title="bbox 112 2453 1215 2531; baseline -0.005 -17"><span class='ocrx_word' id='word_1_214' title='bbox 112 2454 228 2515; x_wconf 74' lang='lat' dir='ltr'>adultis</span> <span class='ocrx_word' id='word_1_215' title='bbox 264 2458 293 2512; x_wconf 91' lang='grc' dir='ltr'>ει</span> <span class='ocrx_word' id='word_1_216' title='bbox 326 2453 509 2531; x_wconf 80' lang='lat' dir='ltr'>cogitatione</span> <span class='ocrx_word' id='word_1_217' title='bbox 542 2460 572 2514; x_wconf 89' lang='lat' dir='ltr'>et</span> <span class='ocrx_word' id='word_1_218' title='bbox 601 2455 720 2514; x_wconf 87' lang='lat' dir='ltr'>actione</span> <span class='ocrx_word' id='word_1_219' title='bbox 750 2459 780 2514; x_wconf 90' lang='grc' dir='ltr'>ει</span> <span class='ocrx_word' id='word_1_220' title='bbox 809 2454 982 2514; x_wconf 89' lang='lat' dir='ltr'>dividantur</span> <span class='ocrx_word' id='word_1_221' title='bbox 1011 2458 1041 2512; x_wconf 94' lang='lat' dir='ltr'>et</span> <span class='ocrx_word' id='word_1_222' title='bbox 1071 2454 1215 2512; x_wconf 89' lang='lat' dir='ltr'>uniantur</span> 
     </span>
     <span class='ocr_line' id='line_1_27' title="bbox 112 2537 1215 2618; baseline -0.004 -16"><span class='ocrx_word' id='word_1_223' title='bbox 112 2537 228 2602; x_wconf 79' lang='lat' dir='ltr'>nodis?</span> <span class='ocrx_word' id='word_1_224' title='bbox 263 2544 355 2614; x_wconf 89' lang='lat' dir='ltr'>atque</span> <span class='ocrx_word' id='word_1_225' title='bbox 376 2555 484 2600; x_wconf 89' lang='lat' dir='ltr'>rursus</span> <span class='ocrx_word' id='word_1_226' title='bbox 508 2553 658 2614; x_wconf 89' lang='lat' dir='ltr'>quaenam</span> <span class='ocrx_word' id='word_1_227' title='bbox 680 2541 869 2618; x_wconf 86' lang='lat' dir='ltr'>singulorum</span> <span class='ocrx_word' id='word_1_228' title='bbox 893 2554 1082 2615; x_wconf 91' lang='lat' dir='ltr'>quorumque</span> <span class='ocrx_word' id='word_1_229' title='bbox 1104 2555 1215 2599; x_wconf 90' lang='lat' dir='ltr'>essen-</span> 
     </span>
     <span class='ocr_line' id='line_1_28' title="bbox 112 2626 1215 2703; baseline -0.003 -16"><span class='ocrx_word' id='word_1_230' title='bbox 112 2644 182 2701; x_wconf 76' lang='grc' dir='ltr'>ιεε,</span> <span class='ocrx_word' id='word_1_231' title='bbox 207 2628 353 2696; x_wconf 88' lang='lat' dir='ltr'>naturae,</span> <span class='ocrx_word' id='word_1_232' title='bbox 376 2627 500 2701; x_wconf 90' lang='lat' dir='ltr'>speciei,</span> <span class='ocrx_word' id='word_1_233' title='bbox 522 2626 647 2700; x_wconf 88' lang='lat' dir='ltr'>formae,</span> <span class='ocrx_word' id='word_1_234' title='bbox 671 2628 909 2703; x_wconf 85' lang='lat' dir='ltr'>compositionis,</span> <span class='ocrx_word' id='word_1_235' title='bbox 933 2626 1097 2695; x_wconf 84' lang='lat' dir='ltr'>facultatis,</span> <span class='ocrx_word' id='word_1_236' title='bbox 1120 2627 1215 2685; x_wconf 91' lang='lat' dir='ltr'>actio-</span> 
     </span>
     <span class='ocr_line' id='line_1_29' title="bbox 114 2711 1215 2790; baseline -0.004 -15"><span class='ocrx_word' id='word_1_237' title='bbox 114 2716 164 2789; x_wconf 89' lang='lat' dir='ltr'>is,</span> <span class='ocrx_word' id='word_1_238' title='bbox 189 2712 361 2788; x_wconf 86' lang='lat' dir='ltr'>passionis,</span> <span class='ocrx_word' id='word_1_239' title='bbox 385 2714 425 2772; x_wconf 89' lang='lat' dir='ltr'>sit</span> <span class='ocrx_word' id='word_1_240' title='bbox 443 2711 544 2774; x_wconf 80' lang='lat' dir='ltr'>retici</span> <span class='ocrx_word' id='word_1_241' title='bbox 574 2727 725 2788; x_wconf 92' lang='lat' dir='ltr'>quaenam</span> <span class='ocrx_word' id='word_1_242' title='bbox 743 2713 812 2774; x_wconf 91' lang='lat' dir='ltr'>dein</span> <span class='ocrx_word' id='word_1_243' title='bbox 831 2730 938 2774; x_wconf 86' lang='lat' dir='ltr'>rursus</span> <span class='ocrx_word' id='word_1_244' title='bbox 962 2712 1130 2790; x_wconf 83' lang='lat' dir='ltr'>generalis,</span> <span class='ocrx_word' id='word_1_245' title='bbox 1155 2725 1215 2785; x_wconf 92' lang='lat' dir='ltr'>qua</span> 
     </span>
     <span class='ocr_line' id='line_1_30' title="bbox 112 2799 1213 2877; baseline -0.006 -14"><span class='ocrx_word' id='word_1_246' title='bbox 112 2799 345 2863; x_wconf 82' lang='lat' dir='ltr'>xtremltatibus</span> <span class='ocrx_word' id='word_1_247' title='bbox 378 2814 432 2875; x_wconf 88' lang='lat' dir='ltr'>pro</span> <span class='ocrx_word' id='word_1_248' title='bbox 468 2799 656 2877; x_wconf 83' lang='lat' dir='ltr'>singulorum</span> <span class='ocrx_word' id='word_1_249' title='bbox 691 2801 752 2860; x_wconf 85' lang='lat' dir='ltr'>fine</span> <span class='ocrx_word' id='word_1_250' title='bbox 784 2816 839 2876; x_wconf 87' lang='lat' dir='ltr'>per</span> <span class='ocrx_word' id='word_1_251' title='bbox 868 2799 1057 2861; x_wconf 89' lang='lat' dir='ltr'>medietatem</span> <span class='ocrx_word' id='word_1_252' title='bbox 1089 2802 1213 2857; x_wconf 90' lang='lat' dir='ltr'>mutuus</span> 
     </span>
     <span class='ocr_line' id='line_1_31' title="bbox 113 2883 1216 2965; baseline -0.009 -13"><span class='ocrx_word' id='word_1_253' title='bbox 113 2900 205 2951; x_wconf 82' lang='lat' dir='ltr'>exus</span> <span class='ocrx_word' id='word_1_254' title='bbox 236 2883 379 2957; x_wconf 81' lang='lat' dir='ltr'>efficitur,</span> <span class='ocrx_word' id='word_1_255' title='bbox 410 2887 485 2946; x_wconf 90' lang='lat' dir='ltr'>ratio</span> <span class='ocrx_word' id='word_1_256' title='bbox 514 2887 568 2957; x_wconf 93' lang='lat' dir='ltr'>sit,</span> <span class='ocrx_word' id='word_1_257' title='bbox 595 2891 628 2947; x_wconf 95' lang='lat' dir='ltr'>ut</span> <span class='ocrx_word' id='word_1_258' title='bbox 658 2887 738 2963; x_wconf 91' lang='lat' dir='ltr'>quod</span> <span class='ocrx_word' id='word_1_259' title='bbox 761 2888 879 2965; x_wconf 26' lang='lat' dir='ltr'>*cogitat</span> <span class='ocrx_word' id='word_1_260' title='bbox 909 2891 937 2944; x_wconf 91' lang='lat' dir='ltr'>et</span> <span class='ocrx_word' id='word_1_261' title='bbox 961 2885 1040 2960; x_wconf 88' lang='lat' dir='ltr'>quod</span> <span class='ocrx_word' id='word_1_262' title='bbox 1065 2886 1216 2961; x_wconf 86' lang='lat' dir='ltr'>cogitatur</span> 
     </span>
     <span class='ocr_line' id='line_1_32' title="bbox 112 2970 1215 3051; baseline -0.005 -16"><span class='ocrx_word' id='word_1_263' title='bbox 112 2990 154 3037; x_wconf 87' lang='grc' dir='ltr'>ει·</span> <span class='ocrx_word' id='word_1_264' title='bbox 184 2970 318 3032; x_wconf 86' lang='lat' dir='ltr'>mediam</span> <span class='ocrx_word' id='word_1_265' title='bbox 348 2973 580 3051; x_wconf 82' lang='lat' dir='ltr'>cogitationem,</span> <span class='ocrx_word' id='word_1_266' title='bbox 613 2986 692 3048; x_wconf 90' lang='lat' dir='ltr'>quae</span> <span class='ocrx_word' id='word_1_267' title='bbox 723 2972 901 3033; x_wconf 88' lang='lat' dir='ltr'>distantium</span> <span class='ocrx_word' id='word_1_268' title='bbox 929 2972 1009 3031; x_wconf 90' lang='lat' dir='ltr'>circa</span> <span class='ocrx_word' id='word_1_269' title='bbox 1039 2972 1215 3048; x_wconf 84' lang='lat' dir='ltr'>cogitatum,</span> 
     </span>
     <span class='ocr_line' id='line_1_33' title="bbox 112 3057 1216 3135; baseline -0.008 -12"><span class='ocrx_word' id='word_1_270' title='bbox 112 3061 264 3123; x_wconf 79' lang='lat' dir='ltr'>arborum</span> <span class='ocrx_word' id='word_1_271' title='bbox 300 3058 432 3134; x_wconf 88' lang='lat' dir='ltr'>prolem,</span> <span class='ocrx_word' id='word_1_272' title='bbox 468 3060 584 3120; x_wconf 90' lang='lat' dir='ltr'>unitiva</span> <span class='ocrx_word' id='word_1_273' title='bbox 617 3065 665 3120; x_wconf 89' lang='lat' dir='ltr'>est</span> <span class='ocrx_word' id='word_1_274' title='bbox 693 3057 828 3135; x_wconf 85' lang='lat' dir='ltr'>allectio,</span> <span class='ocrx_word' id='word_1_275' title='bbox 865 3063 899 3117; x_wconf 94' lang='lat' dir='ltr'>ut</span> <span class='ocrx_word' id='word_1_276' title='bbox 925 3066 1056 3131; x_wconf 90' lang='lat' dir='ltr'>utraque</span> <span class='ocrx_word' id='word_1_277' title='bbox 1086 3057 1216 3117; x_wconf 84' lang='lat' dir='ltr'>invicem</span> 
     </span>
     <span class='ocr_line' id='line_1_34' title="bbox 112 3143 1215 3225; baseline -0.01 -15"><span class='ocrx_word' id='word_1_278' title='bbox 112 3148 275 3225; x_wconf 78' lang='lat' dir='ltr'>angantur</span> <span class='ocrx_word' id='word_1_279' title='bbox 296 3149 327 3204; x_wconf 90' lang='lat' dir='ltr'>et</span> <span class='ocrx_word' id='word_1_280' title='bbox 349 3145 663 3223; x_wconf 87' lang='lat' dir='ltr'>comprehendantur,</span> <span class='ocrx_word' id='word_1_281' title='bbox 687 3162 763 3206; x_wconf 90' lang='lat' dir='ltr'>neve</span> <span class='ocrx_word' id='word_1_282' title='bbox 786 3146 949 3222; x_wconf 89' lang='lat' dir='ltr'>quicquam</span> <span class='ocrx_word' id='word_1_283' title='bbox 968 3143 1091 3202; x_wconf 93' lang='lat' dir='ltr'>omnino</span> <span class='ocrx_word' id='word_1_284' title='bbox 1111 3157 1215 3201; x_wconf 90' lang='lat' dir='ltr'>eorum</span> 
     </span>
     <span class='ocr_line' id='line_1_35' title="bbox 112 3224 1216 3308; baseline -0.012 -11"><span class='ocrx_word' id='word_1_285' title='bbox 112 3246 184 3297; x_wconf 86' lang='lat' dir='ltr'>uae</span> <span class='ocrx_word' id='word_1_286' title='bbox 219 3236 290 3307; x_wconf 89' lang='lat' dir='ltr'>post</span> <span class='ocrx_word' id='word_1_287' title='bbox 321 3231 413 3293; x_wconf 89' lang='lat' dir='ltr'>deum</span> <span class='ocrx_word' id='word_1_288' title='bbox 449 3234 511 3293; x_wconf 87' lang='lat' dir='ltr'>sint</span> <span class='ocrx_word' id='word_1_289' title='bbox 545 3233 825 3308; x_wconf 88' lang='lat' dir='ltr'>circumscriptione</span> <span class='ocrx_word' id='word_1_290' title='bbox 858 3245 975 3290; x_wconf 91' lang='lat' dir='ltr'>vacans</span> <span class='ocrx_word' id='word_1_291' title='bbox 1013 3224 1216 3289; x_wconf 77' lang='lat' dir='ltr'>ostendatur?</span> 
     </span>
     <span class='ocr_line' id='line_1_36' title="bbox 112 3316 1217 3403; baseline -0.009 -20"><span class='ocrx_word' id='word_1_292' title='bbox 112 3316 370 3393; x_wconf 80' lang='lat' dir='ltr'>‚luemadmodum</span> <span class='ocrx_word' id='word_1_293' title='bbox 406 3318 562 3379; x_wconf 88' lang='lat' dir='ltr'>sensibilia</span> <span class='ocrx_word' id='word_1_294' title='bbox 597 3333 718 3395; x_wconf 89' lang='lat' dir='ltr'>quoque</span> <span class='ocrx_word' id='word_1_295' title='bbox 752 3319 854 3403; x_wconf 83' lang='lat' dir='ltr'>omnia</span> <span class='ocrx_word' id='word_1_296' title='bbox 888 3324 919 3376; x_wconf 88' lang='lat' dir='ltr'>et</span> <span class='ocrx_word' id='word_1_297' title='bbox 954 3331 1035 3391; x_wconf 90' lang='lat' dir='ltr'>quae</span> <span class='ocrx_word' id='word_1_298' title='bbox 1070 3316 1217 3383; x_wconf 88' lang='lat' dir='ltr'>sentiunt,</span> 
     </span>
     <span class='ocr_line' id='line_1_37' title="bbox 112 3400 1216 3481; baseline -0.009 -12"><span class='ocrx_word' id='word_1_299' title='bbox 112 3410 169 3469; x_wconf 87' lang='lat' dir='ltr'>ive</span> <span class='ocrx_word' id='word_1_300' title='bbox 201 3417 299 3464; x_wconf 87' lang='lat' dir='ltr'>sensu</span> <span class='ocrx_word' id='word_1_301' title='bbox 326 3404 478 3481; x_wconf 88' lang='lat' dir='ltr'>praedita,</span> <span class='ocrx_word' id='word_1_302' title='bbox 513 3420 567 3479; x_wconf 90' lang='lat' dir='ltr'>per</span> <span class='ocrx_word' id='word_1_303' title='bbox 594 3405 727 3466; x_wconf 88' lang='lat' dir='ltr'>medium</span> <span class='ocrx_word' id='word_1_304' title='bbox 757 3419 899 3474; x_wconf 90' lang='lat' dir='ltr'>sensum,</span> <span class='ocrx_word' id='word_1_305' title='bbox 930 3416 1010 3476; x_wconf 90' lang='lat' dir='ltr'>qnae</span> <span class='ocrx_word' id='word_1_306' title='bbox 1039 3400 1216 3461; x_wconf 90' lang='lat' dir='ltr'>distantium</span> 
     </span>
     <span class='ocr_line' id='line_1_38' title="bbox 112 3487 1217 3567; baseline -0.009 -12"><span class='ocrx_word' id='word_1_307' title='bbox 112 3491 333 3555; x_wconf 84' lang='lat' dir='ltr'>xtremltutum</span> <span class='ocrx_word' id='word_1_308' title='bbox 362 3492 534 3552; x_wconf 90' lang='lat' dir='ltr'>communis</span> <span class='ocrx_word' id='word_1_309' title='bbox 557 3490 674 3553; x_wconf 86' lang='lat' dir='ltr'>allectio</span> <span class='ocrx_word' id='word_1_310' title='bbox 697 3497 759 3567; x_wconf 90' lang='lat' dir='ltr'>est,</span> <span class='ocrx_word' id='word_1_311' title='bbox 792 3491 895 3552; x_wconf 88' lang='lat' dir='ltr'>alteris</span> <span class='ocrx_word' id='word_1_312' title='bbox 919 3505 971 3566; x_wconf 89' lang='lat' dir='ltr'>per</span> <span class='ocrx_word' id='word_1_313' title='bbox 994 3504 1063 3548; x_wconf 91' lang='lat' dir='ltr'>eam</span> <span class='ocrx_word' id='word_1_314' title='bbox 1086 3487 1217 3546; x_wconf 89' lang='lat' dir='ltr'>sensibi-</span> 
     </span>
     <span class='ocr_line' id='line_1_39' title="bbox 113 3572 1217 3655; baseline -0.007 -18"><span class='ocrx_word' id='word_1_315' title='bbox 113 3596 137 3643; x_wconf 84' lang='lat' dir='ltr'>a</span> <span class='ocrx_word' id='word_1_316' title='bbox 168 3575 427 3655; x_wconf 88' lang='lat' dir='ltr'>percipientibus,</span> <span class='ocrx_word' id='word_1_317' title='bbox 456 3577 561 3638; x_wconf 84' lang='lat' dir='ltr'>alteris</span> <span class='ocrx_word' id='word_1_318' title='bbox 589 3595 643 3654; x_wconf 89' lang='lat' dir='ltr'>per</span> <span class='ocrx_word' id='word_1_319' title='bbox 672 3594 740 3638; x_wconf 88' lang='lat' dir='ltr'>eam</span> <span class='ocrx_word' id='word_1_320' title='bbox 769 3579 806 3638; x_wconf 90' lang='lat' dir='ltr'>iis</span> <span class='ocrx_word' id='word_1_321' title='bbox 837 3592 916 3651; x_wconf 89' lang='lat' dir='ltr'>quae</span> <span class='ocrx_word' id='word_1_322' title='bbox 950 3575 1088 3635; x_wconf 89' lang='lat' dir='ltr'>sentiunt</span> <span class='ocrx_word' id='word_1_323' title='bbox 1117 3572 1217 3634; x_wconf 88' lang='lat' dir='ltr'>succi-</span> 
     </span>
     <span class='ocr_line' id='line_1_40' title="bbox 112 3660 1218 3739; baseline -0.01 -12"><span class='ocrx_word' id='word_1_324' title='bbox 112 3665 267 3733; x_wconf 61' lang='lat' dir='ltr'>,eutibum</span> <span class='ocrx_word' id='word_1_325' title='bbox 296 3665 378 3723; x_wconf 88' lang='lat' dir='ltr'>eirca</span> <span class='ocrx_word' id='word_1_326' title='bbox 401 3664 555 3724; x_wconf 90' lang='lat' dir='ltr'>sentiendi</span> <span class='ocrx_word' id='word_1_327' title='bbox 576 3665 828 3739; x_wconf 90' lang='lat' dir='ltr'>instrumentum,</span> <span class='ocrx_word' id='word_1_328' title='bbox 858 3663 908 3722; x_wconf 93' lang='lat' dir='ltr'>ubi</span> <span class='ocrx_word' id='word_1_329' title='bbox 932 3661 1044 3738; x_wconf 84' lang='lat' dir='ltr'>singuli</span> <span class='ocrx_word' id='word_1_330' title='bbox 1068 3660 1218 3733; x_wconf 89' lang='lat' dir='ltr'>cuiusque</span> 
     </span>
     <span class='ocr_line' id='line_1_41' title="bbox 112 3748 1218 3818; baseline -0.011 -3"><span class='ocrx_word' id='word_1_331' title='bbox 112 3749 278 3815; x_wconf 87' lang='lat' dir='ltr'>ecnndum</span> <span class='ocrx_word' id='word_1_332' title='bbox 310 3748 500 3810; x_wconf 75' lang='lat' dir='ltr'>macriorem</span> <span class='ocrx_word' id='word_1_333' title='bbox 533 3751 687 3811; x_wconf 84' lang='lat' dir='ltr'>facultatis</span> <span class='ocrx_word' id='word_1_334' title='bbox 715 3752 862 3811; x_wconf 89' lang='lat' dir='ltr'>terminus</span> <span class='ocrx_word' id='word_1_335' title='bbox 891 3748 1058 3808; x_wconf 88' lang='lat' dir='ltr'>collocatus</span> <span class='ocrx_word' id='word_1_336' title='bbox 1087 3751 1150 3818; x_wconf 91' lang='lat' dir='ltr'>est,</span> <span class='ocrx_word' id='word_1_337' title='bbox 1189 3748 1218 3803; x_wconf 93' lang='lat' dir='ltr'>et</span> 
     </span>
     <span class='ocr_line' id='line_1_42' title="bbox 112 3833 1219 3912; baseline -0.012 -11"><span class='ocrx_word' id='word_1_338' title='bbox 112 3842 186 3901; x_wconf 87' lang='lat' dir='ltr'>irca</span> <span class='ocrx_word' id='word_1_339' title='bbox 215 3834 298 3911; x_wconf 89' lang='lat' dir='ltr'>quod</span> <span class='ocrx_word' id='word_1_340' title='bbox 324 3852 381 3912; x_wconf 90' lang='lat' dir='ltr'>per</span> <span class='ocrx_word' id='word_1_341' title='bbox 412 3836 543 3897; x_wconf 90' lang='lat' dir='ltr'>mediam</span> <span class='ocrx_word' id='word_1_342' title='bbox 572 3835 761 3897; x_wconf 87' lang='lat' dir='ltr'>allectionem</span> <span class='ocrx_word' id='word_1_343' title='bbox 783 3836 849 3895; x_wconf 88' lang='lat' dir='ltr'>sive</span> <span class='ocrx_word' id='word_1_344' title='bbox 872 3834 1049 3894; x_wconf 89' lang='lat' dir='ltr'>relationem</span> <span class='ocrx_word' id='word_1_345' title='bbox 1071 3833 1219 3892; x_wconf 89' lang='lat' dir='ltr'>uniuntur</span> 
     </span>
     <span class='ocr_line' id='line_1_43' title="bbox 112 3919 1217 3998; baseline -0.01 -11"><span class='ocrx_word' id='word_1_346' title='bbox 112 3922 323 3987; x_wconf 82' lang='lat' dir='ltr'>xtremltates.</span> <span class='ocrx_word' id='word_1_347' title='bbox 382 3920 515 3998; x_wconf 89' lang='lat' dir='ltr'>Horum,</span> <span class='ocrx_word' id='word_1_348' title='bbox 551 3922 600 3982; x_wconf 83' lang='lat' dir='ltr'>vel</span> <span class='ocrx_word' id='word_1_349' title='bbox 632 3923 723 3982; x_wconf 90' lang='lat' dir='ltr'>unius</span> <span class='ocrx_word' id='word_1_350' title='bbox 752 3922 916 3982; x_wconf 89' lang='lat' dir='ltr'>alteriusve</span> <span class='ocrx_word' id='word_1_351' title='bbox 943 3920 1052 3980; x_wconf 89' lang='lat' dir='ltr'>borum</span> <span class='ocrx_word' id='word_1_352' title='bbox 1081 3919 1217 3978; x_wconf 89' lang='lat' dir='ltr'>rationes</span> 
     </span>
     <span class='ocr_line' id='line_1_44' title="bbox 112 4005 1218 4085; baseline -0.011 -10"><span class='ocrx_word' id='word_1_353' title='bbox 112 4026 173 4075; x_wconf 88' lang='lat' dir='ltr'>um</span> <span class='ocrx_word' id='word_1_354' title='bbox 204 4009 391 4085; x_wconf 81' lang='lat' dir='ltr'>investigare</span> <span class='ocrx_word' id='word_1_355' title='bbox 413 4024 576 4081; x_wconf 88' lang='lat' dir='ltr'>conamur,</span> <span class='ocrx_word' id='word_1_356' title='bbox 607 4008 748 4069; x_wconf 88' lang='lat' dir='ltr'>imbecilli</span> <span class='ocrx_word' id='word_1_357' title='bbox 770 4008 861 4083; x_wconf 91' lang='lat' dir='ltr'>plane</span> <span class='ocrx_word' id='word_1_358' title='bbox 883 4011 914 4066; x_wconf 89' lang='grc' dir='ltr'>ει</span> <span class='ocrx_word' id='word_1_359' title='bbox 935 4008 1010 4066; x_wconf 91' lang='lat' dir='ltr'>muti</span> <span class='ocrx_word' id='word_1_360' title='bbox 1032 4008 1062 4065; x_wconf 88' lang='lat' dir='ltr'>in</span> <span class='ocrx_word' id='word_1_361' title='bbox 1085 4005 1218 4081; x_wconf 85' lang='lat' dir='ltr'>expliea-</span> 
     </span>
     <span class='ocr_line' id='line_1_45' title="bbox 112 4092 1219 4171; baseline -0.01 -11"><span class='ocrx_word' id='word_1_362' title='bbox 112 4102 190 4159; x_wconf 88' lang='lat' dir='ltr'>ione</span> <span class='ocrx_word' id='word_1_363' title='bbox 212 4092 448 4168; x_wconf 87' lang='lat' dir='ltr'>haesitabimus,</span> <span class='ocrx_word' id='word_1_364' title='bbox 473 4111 532 4156; x_wconf 87' lang='lat' dir='ltr'>nec</span> <span class='ocrx_word' id='word_1_365' title='bbox 553 4100 674 4171; x_wconf 90' lang='lat' dir='ltr'>praeter</span> <span class='ocrx_word' id='word_1_366' title='bbox 694 4094 827 4154; x_wconf 90' lang='lat' dir='ltr'>divinam</span> <span class='ocrx_word' id='word_1_367' title='bbox 850 4097 1032 4168; x_wconf 86' lang='lat' dir='ltr'>potestatem</span> <span class='ocrx_word' id='word_1_368' title='bbox 1053 4106 1114 4166; x_wconf 90' lang='lat' dir='ltr'>quo</span> <span class='ocrx_word' id='word_1_369' title='bbox 1133 4106 1219 4151; x_wconf 91' lang='lat' dir='ltr'>men—</span> 
     </span>
     <span class='ocr_line' id='line_1_46' title="bbox 112 4177 1220 4259; baseline -0.01 -12"><span class='ocrx_word' id='word_1_370' title='bbox 112 4198 167 4247; x_wconf 83' lang='lat' dir='ltr'>am</span> <span class='ocrx_word' id='word_1_371' title='bbox 197 4185 342 4241; x_wconf 83' lang='lat' dir='ltr'>accurate</span> <span class='ocrx_word' id='word_1_372' title='bbox 369 4180 534 4259; x_wconf 82' lang='lat' dir='ltr'>inligamus</span> <span class='ocrx_word' id='word_1_373' title='bbox 563 4182 753 4241; x_wconf 89' lang='lat' dir='ltr'>babebimus.</span> <span class='ocrx_word' id='word_1_374' title='bbox 810 4180 910 4255; x_wconf 86' lang='lat' dir='ltr'>Atque</span> <span class='ocrx_word' id='word_1_375' title='bbox 930 4177 1005 4248; x_wconf 86' lang='lat' dir='ltr'>boc,</span> <span class='ocrx_word' id='word_1_376' title='bbox 1034 4182 1068 4236; x_wconf 89' lang='lat' dir='ltr'>ut</span> <span class='ocrx_word' id='word_1_377' title='bbox 1090 4179 1220 4237; x_wconf 89' lang='lat' dir='ltr'>arbitror</span> 
     </span>
     <span class='ocr_line' id='line_1_47' title="bbox 112 4262 1218 4342; baseline -0.011 -10"><span class='ocrx_word' id='word_1_378' title='bbox 112 4266 180 4331; x_wconf 90' lang='lat' dir='ltr'>llud</span> <span class='ocrx_word' id='word_1_379' title='bbox 211 4270 258 4327; x_wconf 88' lang='lat' dir='ltr'>ast</span> <span class='ocrx_word' id='word_1_380' title='bbox 288 4266 370 4342; x_wconf 87' lang='lat' dir='ltr'>quod</span> <span class='ocrx_word' id='word_1_381' title='bbox 399 4268 475 4329; x_wconf 88' lang='lat' dir='ltr'>dixit</span> <span class='ocrx_word' id='word_1_382' title='bbox 503 4274 645 4342; x_wconf 87' lang='lat' dir='ltr'>sanctus,</span> <span class='ocrx_word' id='word_1_383' title='bbox 680 4272 814 4328; x_wconf 91' lang='lat' dir='ltr'>mentem</span> <span class='ocrx_word' id='word_1_384' title='bbox 843 4268 981 4325; x_wconf 88' lang='lat' dir='ltr'>nostram</span> <span class='ocrx_word' id='word_1_385' title='bbox 1012 4262 1051 4321; x_wconf 90' lang='lat' dir='ltr'>ad</span> <span class='ocrx_word' id='word_1_386' title='bbox 1072 4264 1218 4337; x_wconf 88' lang='lat' dir='ltr'>pietatem</span> 
     </span>
    </p>
   </div>
   <div class='ocr_carea' id='block_1_3' title="bbox 112 4347 1218 4497">
    <p class='ocr_par' dir='ltr' id='par_1_3' title="bbox 112 4347 1218 4497">
     <span class='ocr_line' id='line_1_48' title="bbox 112 4347 1218 4497; baseline -0.009 -82"><span class='ocrx_word' id='word_1_387' title='bbox 112 4368 274 4429; x_wconf 68' lang='lat' dir='ltr'>exercens,</span> <span class='ocrx_word' id='word_1_388' title='bbox 314 4350 392 4429; x_wconf 89' lang='lat' dir='ltr'>,Nec</span> <span class='ocrx_word' id='word_1_389' title='bbox 418 4354 508 4429; x_wconf 89' lang='lat' dir='ltr'>plena</span> <span class='ocrx_word' id='word_1_390' title='bbox 539 4359 569 4415; x_wconf 91' lang='lat' dir='ltr'>et</span> <span class='ocrx_word' id='word_1_391' title='bbox 599 4359 742 4415; x_wconf 87' lang='lat' dir='ltr'>accurata</span> <span class='ocrx_word' id='word_1_392' title='bbox 771 4353 820 4414; x_wconf 88' lang='lat' dir='ltr'>vel</span> <span class='ocrx_word' id='word_1_393' title='bbox 848 4349 1013 4497; x_wconf 49' lang='lat' dir='ltr'>paululum¹</span> <span class='ocrx_word' id='word_1_394' title='bbox 1036 4347 1218 4408; x_wconf 86' lang='lat' dir='ltr'>conditionis</span> 
     </span>
    </p>
   </div>
   <div class='ocr_carea' id='block_1_4' title="bbox 0 0 1384 4778">
    <p class='ocr_par' dir='ltr' id='par_1_4' title="bbox 0 0 1384 4778">
     <span class='ocr_line' id='line_1_49' title="bbox 0 0 1384 4778; baseline 0 0"><span class='ocrx_word' id='word_1_395' title='bbox 0 0 1384 4778; x_wconf 95' lang='lat' dir='ltr'> </span> 
     </span>
    </p>
   </div>
  </div>
 </body>
</html>
