2752 4778
1075 213 1147 290 ³61

10 415 12 446 1
39 389 254 470 philosophiae
282 390 407 470 modos,
437 362 506 450 etsi
524 405 636 461 magno
667 407 735 452 cum
763 393 869 456 labore
898 396 959 456 sint
989 399 1149 476 coniuncti,

10 499 12 532 t
38 479 164 554 recipit,
186 491 319 553 quocum
341 476 432 538 simul
454 476 621 554 ingreditur
642 477 741 539 laetus
761 481 793 540 in
811 481 1022 546 oblectationis
1041 485 1151 558 locum,

10 586 12 595 r
38 566 320 712 hhhhhthhgnmone
343 563 503 632 refertum,
541 563 655 624 carnali
678 580 774 626 sensu
796 583 833 627 ac
855 570 1038 644 cogitatione
1060 572 1152 648 plana

36 850 128 927 Alia
151 853 191 926 in
215 850 314 924 idem
336 849 607 948 contemplatio.

147 1021 248 1096 Atque
269 1035 375 1080 rursus
400 1021 478 1080 latro
500 1022 614 1096 probus
637 1029 685 1081 est
706 1023 732 1081 is
756 1025 806 1098 qui
828 1041 898 1085 cum
920 1027 1039 1088 Christo
1063 1031 1153 1091 simul

35 1108 122 1170 cruci
158 1107 240 1185 attigi
275 1108 386 1167 meruit
419 1122 473 1183 per
508 1107 631 1182 plenam
661 1113 753 1183 atque
781 1111 944 1185 perfectam
972 1115 1152 1189 passionum

34 1193 319 1262 mortificationem,
355 1194 467 1268 quique
503 1193 542 1253 ad
581 1193 719 1256 dextram
750 1197 817 1255 eius
845 1202 894 1257 est
921 1201 1003 1258 cruci
1031 1196 1152 1279 affixus,

33 1281 101 1341 hoc
136 1284 183 1340 εει
220 1280 269 1354 qui
299 1295 367 1338 cum
396 1281 516 1338 ratione
546 1285 576 1338 ει
606 1282 778 1358 cognitione
809 1299 930 1343 omnem
960 1290 1153 1361 persequitur

34 1369 198 1436 virtutem,
227 1366 407 1440 cunctisque
430 1365 603 1424 hominibus
625 1365 805 1427 inoffensam
829 1376 933 1430 servat
954 1373 1063 1449 vitam,
1088 1376 1154 1450 qui·
1259 1430 1261 1434 .

34 1470 101 1531 que
118 1452 232 1512 nuttam
251 1467 378 1527 prorsus
398 1465 476 1526 quae
494 1453 672 1513 austeritate
690 1469 709 1512 a
728 1457 879 1515 sermonis
897 1456 1019 1519 ienitate
1038 1459 1153 1521 discre-

34 1544 93 1618 pet
123 1537 216 1598 habet
244 1538 418 1597 motionem.
472 1538 633 1613 Improbus
666 1539 873 1601 contra‘latro
896 1548 943 1604 est
965 1547 1015 1619 qul
1037 1546 1153 1624 gloriae

33 1626 244 1688 lautiorumne
277 1623 551 1684 emolumentorum
585 1626 684 1702 gratia
718 1628 868 1702 speciosis
897 1630 996 1689 modis
1025 1633 1153 1694 subdole

36 1711 167 1774 simulat
190 1712 280 1769 vitem
305 1710 475 1770 secundum
498 1712 639 1772 virtutem
661 1713 848 1789 institutam,
871 1716 1021 1792 unicoque
1041 1734 1077 1779 ac
1097 1720 1155 1781 soli

35 1816 97 1878 pro
127 1798 208 1857 omni
237 1799 346 1856 virtute
374 1803 404 1856 ει
433 1799 605 1874 cognitione
633 1800 663 1857 in
693 1803 926 1862 conversatione
954 1820 1022 1864 oum
1046 1805 1154 1867 alicnis

36 1886 175 1947 sermoni
204 1883 352 1943 adulatori
383 1883 436 1942 dat
465 1900 604 1960 operam,
641 1900 715 1962 erga
737 1889 934 1949 necessarios
956 1896 1062 1952 contra
1083 1909 1153 1969 pra·

37 1988 114 2032 vum
137 1986 172 2030 se
194 1971 272 2048 gerit
292 1969 448 2029 voluntate
471 1986 508 2029 ac
531 1971 666 2031 moribus
688 1976 717 2030 et
739 1972 915 2035 illiberalem
938 1992 1081 2053 prorsus,
1107 1981 1155 2039 cui
1178 1980 1181 1985 '

35 2057 220 2139 praesertim
244 2057 312 2115 riae
335 2056 383 2116 dei
406 2054 615 2115 calumniatori
633 2057 799 2133 prudenter
818 2065 865 2120 εει
884 2076 919 2118 οε
939 2063 1153 2127 obturandum.

36 2145 183 2205 Fortasse
207 2144 287 2203 enim
310 2141 429 2202 desinet
452 2142 534 2216 quod
556 2144 586 2201 in
610 2159 668 2203 sua
690 2149 859 2207 revertatur
882 2147 1060 2209 calumniari
1083 2149 1153 2211 Ser-

36 2246 163 2294 monem
198 2231 235 2290 ab
270 2230 447 2304 increpante
482 2228 673 2300 admonitus,
710 2232 968 2304 quemadmodum
1003 2235 1033 2294 in
1064 2252 1155 2298 cruce

37 2317 169 2394 contigit
196 2316 237 2375 illi
261 2316 311 2390 qui
334 2317 401 2376 sine
424 2316 610 2375 verecundia
633 2316 855 2393 blasphemiam
879 2320 1046 2395 protulerat
1066 2323 1151 2383 latro.

38 2403 131 2480 Quod
159 2403 240 2463 enlm
269 2417 330 2460 non
360 2401 522 2462 oblocutus
552 2408 599 2463 εει
628 2404 813 2480 increpanti,
847 2405 878 2464 id
907 2421 1079 2470 sermonem
1103 2413 1153 2486 qui

37 2490 179 2570 prolatus
210 2493 276 2549 erat
300 2485 393 2548 'tacite
423 2490 583 2563 probatum
615 2489 775 2566 significat.
832 2491 1021 2568 Quocunque
1048 2497 1153 2572 utique

38 2574 305 2652 contemplationis
341 2576 460 2634 ratione
496 2590 564 2634 cum
595 2575 714 2636 Christo
748 2577 839 2636 simul
870 2581 951 2639 cruci
982 2576 1156 2658 adigimur,

38 2667 116 2726 dum
138 2663 324 2735 ibisumus,
348 2659 525 2720 Sermonem
547 2677 610 2721 una
632 2679 701 2722 cum
724 2663 812 2723 nobis
836 2666 919 2724 cruci
941 2666 1065 2727 affixum
1087 2670 1154 2746 pla·

39 2765 114 2812 care
136 2748 331 2821 studeamus,
356 2762 392 2807 ac
410 2763 549 2807 veracem
573 2749 762 2809 conscientia
785 2764 804 2809 a
827 2753 1061 2829 cogitationibus
1085 2772 1153 2818 eam

37 2836 269 2912 increpantibus
296 2838 427 2911 purgata
454 2837 594 2911 accipere
618 2837 726 2911 quietis
749 2840 1029 2918 annuntiationem,
1060 2843 1154 2918 siqui-

39 2926 112 2986 dem
129 2921 276 2982 hodierna
295 2919 361 2979 dies
378 2926 572 2995 praesentem
592 2921 683 2983 huius
703 2925 770 2981 aevi
790 2922 870 2983 diem
889 2925 1030 3004 denotat,
1054 2927 1152 3011 (nem,

39 3008 184 3086 ,Horitas
218 3008 330 3082 inquit,
368 3022 503 3081 ,mecum
536 3008 596 3066 eris
627 3010 658 3066 in
689 3007 882 3090 paradiso‘),
918 3015 1057 3073 crastina
1080 3033 1154 3076 vero

38 3097 191 3168 futuram,
214 3108 291 3169 vqua
322 3109 383 3152 non
412 3097 607 3169 peccatorum
636 3089 775 3155 remissio
799 3097 990 3171 expectanda
1011 3107 1059 3160 est
1080 3103 1152 3178 ulla,

39 3182 97 3244 sed
121 3181 188 3241 sola
209 3183 289 3242 vitae
312 3196 351 3239 ex
375 3180 482 3240 merito
506 3181 691 3241 conveniens
714 3182 878 3242 retributio.

38 3403 101 3476 Ex
129 3401 257 3474 eodem
288 3423 473 3491 sermone,
509 3402 547 3473 in
570 3400 687 3493 illud,
727 3399 786 3494 ,Si
809 3401 986 3501 Iosephus
1008 3403 1151 3484 Arima-

92 3505 221 3579 thaens
244 3502 308 3594 sis,
336 3502 383 3576 ab
409 3529 449 3578 eo
475 3504 540 3602 qui
564 3505 663 3578 cruci
687 3506 809 3580 affixit
831 3531 963 3605 corpus
988 3513 1091 3606 pete‘

149 3680 263 3754 Corpus
285 3677 395 3740 christi
425 3684 475 3739 est
497 3680 613 3754 anima,
644 3678 692 3737 vet
713 3677 875 3738 facultates
899 3679 982 3749 eius,
1013 3680 1059 3739 vet
1083 3696 1153 3740 sen-

41 3782 117 3839 sus,
145 3766 192 3824 vel
215 3765 404 3843 singulorum
428 3782 554 3840 corpus,
585 3764 634 3823 vel
657 3765 792 3840 corporis
815 3766 965 3839 membra,
995 3766 1044 3824 vel
1067 3782 1167 3826 man--

39 3854 131 3924 data,
163 3852 209 3912 vel
239 3852 383 3926 virtutes,
418 3851 466 3912 vel
496 3853 629 3911 rationes
653 3866 756 3910 eorum
781 3851 962 3925 quaefacta
985 3858 1073 3928 sunt,
1103 3851 1151 3910 vel

40 3946 77 4002 ut
107 3941 210 4000 verius
240 3937 414 4013 simpliciter
442 3937 555 4011 dicam,
586 3938 726 4012 privatim
755 3942 786 3996 et
811 3939 842 3997 in
867 3954 1044 4011 commuue,
1076 3937 1153 4000 baec

41 4026 147 4086 omnia
178 4030 208 4085 ει
236 4024 345 4084 horum
368 4024 489 4102 singula
511 4038 650 4100 quaeque
673 4028 744 4083 sunt
767 4040 877 4099 corpus
901 4024 1020 4085 Christi.
1067 4024 1152 4097 Quod

41 4111 127 4174 cruci
155 4111 265 4188 attigit,
295 4125 404 4186 nempe
432 4109 511 4169 haec
540 4111 658 4182 omnia,
689 4109 846 4180 diabolus,
876 4112 907 4168 iu
931 4127 967 4170 eo
989 4111 1038 4184 qui
1061 4109 1152 4171 talem

41 4201 153 4259 borum
182 4197 406 4258 crucifixionem
437 4196 582 4268 admittit,
619 4196 787 4257 secundum
813 4201 952 4256 naturam
975 4211 1014 4254 aa
1035 4198 1153 4271 operari

41 4282 218 4363 prohibens.
273 4282 422 4359 Iosephus
452 4286 556 4343 autern
586 4283 753 4359 explicatur
780 4281 949 4344 secundum
972 4281 1152 4344 Hebraicam

42 4374 179 4449 linguam
202 4369 367 4445 ,Additto‘,
400 4369 566 4430 Arimatbia
596 4387 668 4430 vero
699 4369 799 4443 ,Tolle
821 4368 917 4430 iltud.‘
962 4367 1018 4442 Qui
1038 4368 1153 4447 igitur?
