2768 4784
1165 222 1243 300 bd&

126 410 156 466 et
179 407 306 466 unicum
328 408 391 465 tcta
412 408 509 464 totum
530 406 561 462 in
586 409 754 480 conspectu
776 411 971 481 apparentem
995 406 1103 484 babet,
1134 415 1179 483 et,
1208 415 1242 470 nt

128 491 305 570 simpliciter
334 491 450 566 dicam,
480 495 592 552 cuncta
621 497 727 552 nostra
749 490 835 552 aliter
858 496 951 567 atque
973 493 1003 551 in
1027 492 1075 553 bis
1095 510 1241 571 praesen-

127 580 219 639 tibus·
233 580 344 651 rebus,
381 579 462 639 circa
485 593 563 653 quas
587 593 669 637 nnnc
692 593 799 638 sumus
822 583 852 637 et
874 579 1031 657 degimus,
1059 596 1093 641 se
1115 580 1239 656 habent,

129 666 158 724 in
186 664 289 726 futuro
318 663 419 724 divine
446 663 653 726 manifestabit
686 664 784 740 gratia
819 666 1065 741 resurrectionis,
1101 672 1135 728 ut
1165 682 1241 743 quo·

131 749 219 811 modo
246 766 302 827 per
329 752 488 826 peccatum
509 749 559 810 hic
582 765 663 810 mors
686 751 882 811 corroborata
904 752 1075 826 absorbuit,
1111 753 1155 813 sio
1177 755 1241 814 lure

131 836 280 898 infirmata
298 834 360 896 illic
383 853 438 914 per
459 837 589 914 gratiam
612 836 821 896 absorbeatur.
868 835 967 910 Quare
986 839 1011 897 si
1029 839 1132 899 anima
1151 841 1239 916 bene,

132 924 173 985 uti
198 923 278 998 dini,
307 924 373 983 suis
401 922 597 983 facultatibus
627 928 743 994 utetur,
777 927 807 982 et
835 924 1004 984 secundum
1033 923 1081 984 dei
1103 928 1242 1003 proposi-

133 1016 210 1084 tum,
239 1009 377 1071 sensibili
406 1009 467 1070 hoc
498 1010 612 1069 mundo
641 1024 694 1084 per
723 1009 898 1085 spirituales
920 1011 951 1070 in
975 1026 1011 1071 eo
1034 1013 1168 1072 rationes
1191 1028 1242 1073 sa·

133 1096 248 1172 pieuoer
267 1101 433 1174 peragrato
455 1096 494 1156 ad
517 1095 608 1155 deum
629 1097 786 1170 perveniet
808 1113 876 1156 cum
899 1096 1124 1174 intellegentia,
1160 1104 1192 1159 at
1214 1101 1240 1160 si

134 1182 210 1242 male
232 1188 349 1257 utatur,
380 1188 501 1257 praeter
522 1182 756 1243 convenientem
779 1183 926 1242 rationem
949 1185 1104 1259 praesenti
1126 1186 1241 1246 mundo

134 1267 327 1344 perlustrato,
365 1284 425 1329 non
461 1268 582 1329 occulto
613 1268 689 1328 forte
725 1271 754 1327 in
791 1269 934 1329 infamiae
965 1267 1092 1329 affectus
1120 1270 1240 1347 illapsa,

134 1354 233 1417 dimna
260 1369 382 1430 quoque
410 1355 440 1413 in
470 1355 570 1415 futuro
600 1354 695 1431 gloria
726 1355 832 1414 merito
862 1355 997 1430 excidet,
1027 1354 1240 1434 horrendaque

132 1441 229 1501 iudicii
256 1443 288 1501 in
316 1441 451 1501 infinitas
479 1442 675 1501 aeternitates
706 1441 857 1501 sententia
879 1441 1073 1511 damnabitur
1094 1449 1129 1503 ut
1151 1460 1242 1506 omne

133 1543 196 1588 cum
226 1526 284 1588 deo
312 1527 466 1588 vinculum
490 1535 519 1589 et
541 1543 655 1587 nexum
677 1529 809 1602 amittat,
839 1530 870 1587 in
894 1544 986 1603 quam
1010 1531 1191 1590 sententiam
1215 1533 1241 1590 si

134 1630 164 1673 se
184 1613 306 1689 induet,
331 1628 365 1672 sa
386 1613 527 1674 iniuriam
551 1615 612 1689 pati
636 1614 736 1674 dicere
759 1629 820 1674 non
843 1613 983 1689 habebit,
1007 1631 1075 1676 curn
1100 1614 1240 1678 affectum

132 1698 192 1759 Non
207 1701 375 1760 -existens
407 1706 688 1776 repraesentantem
729 1700 842 1760 babeat
878 1708 1109 1777 accusatorem,
1150 1717 1240 1779 quern

132 1788 272 1864 ignorare
303 1801 364 1846 non
394 1787 499 1861 possit.
552 1785 612 1846 Sed
644 1785 681 1846 ad
711 1788 896 1863 propositum
921 1804 1022 1848 sermo
1046 1791 1240 1851 revocandus

133 1878 185 1933 est.
230 1872 350 1933 Etenim
372 1872 562 1951 evangelista
585 1873 709 1945 dicens,
746 1872 834 1948 ,Sunt
855 1890 929 1934 vero
951 1875 1042 1935 etiam
1065 1875 1126 1935 alia
1149 1891 1240 1952 quarn

133 1958 225 2020 mulia
247 1974 325 2035 quae
346 1956 434 2019 Iesus
456 1959 544 2033 fecit,
574 1975 653 2034 quae
676 1960 701 2018 si
724 1960 754 2016 in
779 1976 875 2020 unum
898 1954 1178 2034 conscriberentur,
1202 1978 1240 2022 ne

131 2047 227 2122 ipsum
262 2044 384 2121 quidam
415 2045 562 2106 mundum
592 2050 750 2122 capturum
782 2061 853 2105 esse
884 2047 1011 2117 arbitror
1039 2047 1133 2107 libros
1166 2050 1240 2107 scri-

132 2137 233 2208 ptos‘,
262 2148 317 2208 per
345 2130 424 2192 haec
451 2133 539 2192 nobis
568 2132 730 2205 revelavit,
760 2148 797 2192 ea
826 2148 905 2209 quae
935 2133 974 2192 ab
997 2148 1032 2192 se
1055 2135 1168 2209 scripta
1190 2150 1240 2194 es-

134 2223 199 2279 sent
226 2217 505 2295 complanationem
535 2218 688 2293 quandam
718 2219 874 2293 praeviam
903 2234 975 2278 esse
997 2218 1186 2294 perfectioris
1210 2227 1240 2280 et

133 2303 228 2365 adhuc
247 2304 494 2381 -iuperceptibilis
525 2305 658 2364 rationis.
712 2303 776 2364 llac
804 2305 895 2381 igitur
918 2306 1070 2365 sententia
1092 2304 1239 2367 loannem

134 2397 268 2452 sanctum
290 2390 512 2468 evangelistam
535 2393 561 2451 si
584 2392 652 2467 quis
675 2407 908 2466 praecursorem
929 2390 1104 2468 appellarit,
1128 2392 1158 2450 in
1181 2408 1238 2452 suo

134 2479 270 2538 nimirum
292 2477 454 2554 evangelio
478 2477 558 2552 quod
583 2478 622 2538 ad
646 2477 889 2553 praeparandam
910 2479 989 2537 viam
1012 2478 1177 2538 intellectui
1199 2477 1239 2539 ad

134 2563 335 2639 perfectiorem
368 2560 517 2624 rationem
550 2563 755 2640 recipiendam
787 2565 975 2639 composuit,
1009 2565 1036 2624 is
1065 2581 1084 2624 a
1113 2565 1239 2625 veritate

134 2665 189 2710 non
209 2650 371 2711 aberrabit.
416 2648 465 2710 Sic
491 2649 581 2727 igitur
603 2665 747 2728 magnam
770 2651 907 2710 veritatis
930 2665 1036 2710 vocem
1058 2651 1165 2711 doctor
1186 2668 1240 2710 vo-

134 2741 178 2797 cat
198 2752 269 2797 eum
292 2737 343 2813 qui
365 2735 534 2810 spiritualia
555 2741 706 2797 torruerat.
750 2736 874 2797 Tonitru
897 2741 999 2797 autern
1022 2743 1070 2798 est
1088 2754 1147 2797 vox
1166 2736 1239 2797 nibil

135 2823 187 2883 nisi
213 2827 360 2882 terrorem
389 2822 583 2884 audientibus
611 2826 738 2893 creans,
769 2822 842 2882 nibil
871 2824 977 2899 ntique
1000 2823 1074 2885 clari
1096 2825 1239 2901 reddens,

135 2908 228 2983 qualis
257 2912 306 2968 est
335 2907 548 2968 elementarius
577 2924 687 2969 sermo.
739 2907 844 2970 Omnis
867 2911 948 2969 enim
971 2926 1073 2970 sermo
1096 2911 1240 2973 divinitus

134 2995 159 3054 in
185 2995 245 3055 boc
274 2993 400 3054 saeculo
428 2993 602 3055 hominibus
633 2996 818 3071 perscriptus
848 2994 1029 3071 praecu'rsor
1063 3001 1110 3056 esi
1142 2998 1241 3073 perfe-

135 3081 229 3141 ctioris
260 3082 411 3141 sermonis
443 3083 493 3155 qui
523 3081 676 3142 nullarum
705 3081 872 3142 litterarum
902 3098 960 3158 ope
991 3099 1045 3158 per
1068 3099 1103 3141 se
1124 3083 1155 3141 in
1179 3084 1241 3158 spi-

133 3167 187 3228 ritu
214 3168 308 3227 manti
336 3167 504 3242 reveletur,
543 3169 653 3242 quique
682 3170 712 3227 in
743 3167 843 3227 futuro
874 3169 1046 3245 apparebit,
1082 3169 1239 3228 veritatem

133 3253 249 3329 quidem
274 3255 307 3313 ln
337 3269 372 3312 se
398 3254 467 3330 ipso
496 3254 661 3313 revelatam
684 3253 803 3313 habens
833 3254 888 3314 sed
916 3254 1072 3314 involucro
1103 3271 1160 3314 suo
1183 3270 1240 3312 nu·

132 3338 229 3401 daiam
253 3354 315 3399 non
337 3338 513 3399 ostendens.
576 3338 625 3400 Sic
648 3341 756 3417 igitur,
784 3340 827 3399 uti
850 3340 986 3415 videtur,
1016 3341 1109 3400 totius
1133 3355 1241 3400 sacrae

131 3428 297 3503 scripturae
324 3425 499 3486 intellectus
531 3427 581 3501 pie
610 3426 819 3503 complanatus
844 3426 917 3485 nihil
940 3426 1059 3486 difficile
1081 3431 1135 3486 aut
1156 3427 1241 3486 inae-

130 3513 217 3588 uude
246 3514 277 3572 in
310 3513 354 3572 eis
384 3527 464 3587 quae
494 3513 664 3572 secundum
700 3513 857 3572 historiam
892 3514 949 3572 sibi
984 3513 1137 3572 contraria
1169 3528 1240 3572 esse

130 3599 270 3660 videntur
286 3597 401 3659 habere
420 3600 646 3660 monstrabitur.
693 3598 903 3673 antiquiorum
926 3598 1006 3659 enirn
1028 3599 1241 3673 unusquisque

129 3691 304 3747 sanctorum
332 3700 442 3745 revera
471 3687 537 3746 eius
568 3685 648 3760 quod
677 3686 744 3760 ipse
779 3684 928 3746 revelaret
961 3691 990 3745 et
1024 3686 1242 3762 praeformaret

126 3772 264 3848 mysterii
286 3786 468 3846 praecursor
490 3777 573 3845 erat,
606 3772 755 3849 imagines
779 3788 834 3846 per
855 3787 893 3830 ea
916 3786 996 3847 quae
1017 3772 1187 3847 patiebatur
1211 3775 1241 3830 et

126 3858 240 3935 agebm
261 3863 293 3918 et
314 3857 434 3916 dicabat
456 3856 566 3918 borum
591 3858 776 3932 exemplaria
800 3858 981 3934 primigenia
1007 3857 1238 3934 praenuntians.

126 3942 228 4016 Quare
257 3943 348 4002 etiarn
379 3942 457 4003 bene
486 3948 518 4003 at
541 3940 662 4019 praeter
683 3942 954 4020 reprehensionem
976 3960 1032 4019 pro
1055 3943 1240 4003 seinvicem

125 4029 330 4106 accipiuntur,
362 4035 392 4088 et
418 4045 473 4104 pro
504 4031 644 4090 omnibus
677 4046 783 4089 omncs
813 4035 844 4088 et
872 4029 1002 4105 quisque
1030 4046 1085 4105 pro
1109 4044 1239 4106 quoque,

125 4117 220 4177 ailam
249 4131 304 4191 pro
332 4114 415 4175 libris
445 4117 483 4175 ab
511 4116 587 4191 ipsis
616 4117 810 4192 conscriptis,
846 4123 875 4176 et
905 4132 961 4192 pro
990 4116 1067 4192 ipsis
1096 4115 1180 4190 libri,
1209 4117 1239 4176 iu

124 4202 298 4278 scripturae
320 4217 382 4260 usu
405 4201 604 4278 appellantur.
664 4201 748 4275 Quod
773 4207 879 4278 aperte
902 4202 1076 4263 manifestat
1098 4203 1239 4263 dominus

183 4374 221 4461 ¹ii.
241 4406 367 4459 Rescribe
382 4399 615 4474 dnaprscldmns.
