<?xml version="1.0" encoding="UTF-8"?>
<!DOCTYPE html PUBLIC "-//W3C//DTD XHTML 1.0 Transitional//EN"
    "http://www.w3.org/TR/xhtml1/DTD/xhtml1-transitional.dtd">
<html xmlns="http://www.w3.org/1999/xhtml" xml:lang="en" lang="en">
 <head>
  <title>
</title>
<meta http-equiv="Content-Type" content="text/html;charset=utf-8" />
  <meta name='ocr-system' content='tesseract 3.04.00' />
  <meta name='ocr-capabilities' content='ocr_page ocr_carea ocr_par ocr_line ocrx_word'/>
</head>
<body>
  <div class='ocr_page' id='page_1' title='image "./sanctipatrisnos00maxigoog_0247.png"; bbox 0 0 2752 4778; ppageno 0'>
   <div class='ocr_carea' id='block_1_1' title="bbox 131 177 297 252">
    <p class='ocr_par' dir='ltr' id='par_1_1' title="bbox 131 177 297 252">
     <span class='ocr_line' id='line_1_1' title="bbox 131 177 297 252; baseline -0.018 1"><span class='ocrx_word' id='word_1_1' title='bbox 131 228 134 233; x_wconf 90' lang='lat'><em>·</em></span> <span class='ocrx_word' id='word_1_2' title='bbox 223 177 297 252; x_wconf 75' lang='lat'><em>216</em></span> 
     </span>
    </p>
   </div>
   <div class='ocr_carea' id='block_1_2' title="bbox 62 347 1368 1479">
    <p class='ocr_par' dir='ltr' id='par_1_2' title="bbox 222 347 1368 701">
     <span class='ocr_line' id='line_1_2' title="bbox 222 347 1368 435; baseline -0.008 -8"><span class='ocrx_word' id='word_1_3' title='bbox 222 362 271 428; x_wconf 82' lang='grc' dir='ltr'><em>ὅτι</em></span> <span class='ocrx_word' id='word_1_4' title='bbox 294 364 348 425; x_wconf 86' lang='grc' dir='ltr'><em>καὶ</em></span> <span class='ocrx_word' id='word_1_5' title='bbox 370 355 468 435; x_wconf 84' lang='grc' dir='ltr'><em>πάντη</em></span> <span class='ocrx_word' id='word_1_6' title='bbox 491 351 630 429; x_wconf 74' lang='grc' dir='ltr'><em>διπλοῦν,</em></span> <span class='ocrx_word' id='word_1_7' title='bbox 652 349 775 419; x_wconf 76' lang='grc' dir='ltr'><em>άπλοόν</em></span> <span class='ocrx_word' id='word_1_8' title='bbox 791 355 826 418; x_wconf 87' lang='lat'><em>66</em></span> <span class='ocrx_word' id='word_1_9' title='bbox 848 350 965 433; x_wconf 87' lang='grc' dir='ltr'><em>πάντη,</em></span> <span class='ocrx_word' id='word_1_10' title='bbox 988 349 1039 417; x_wconf 82' lang='grc' dir='ltr'><em>δτι</em></span> <span class='ocrx_word' id='word_1_11' title='bbox 1061 347 1368 433; x_wconf 66' lang='grc' dir='ltr'><em>κάλ’άδιάστατοι,</em></span> 
     </span>
     <span class='ocr_line' id='line_1_3' title="bbox 222 437 1368 551; baseline -0.005 -38"><span class='ocrx_word' id='word_1_12' title='bbox 222 446 334 527; x_wconf 86' lang='grc' dir='ltr'><em>πάντη,</em></span> <span class='ocrx_word' id='word_1_13' title='bbox 356 442 549 510; x_wconf 75' lang='grc' dir='ltr'><em>ἀδιάστατον</em></span> <span class='ocrx_word' id='word_1_14' title='bbox 570 445 605 507; x_wconf 78' lang='grc' dir='ltr'><em>δὲ</em></span> <span class='ocrx_word' id='word_1_15' title='bbox 626 440 737 551; x_wconf 80' lang='grc' dir='ltr'><em>πάντη,</em></span> <span class='ocrx_word' id='word_1_16' title='bbox 761 438 812 504; x_wconf 81' lang='grc' dir='ltr'><em>ὅτι</em></span> <span class='ocrx_word' id='word_1_17' title='bbox 834 445 888 505; x_wconf 79' lang='grc' dir='ltr'><em>καὶ</em></span> <span class='ocrx_word' id='word_1_18' title='bbox 909 437 1008 518; x_wconf 89' lang='grc' dir='ltr'><em>πάντη</em></span> <span class='ocrx_word' id='word_1_19' title='bbox 1029 437 1180 545; x_wconf 84' lang='grc' dir='ltr'><em>α’πειρον,</em></span> <span class='ocrx_word' id='word_1_20' title='bbox 1188 437 1319 547; x_wconf 83' lang='grc' dir='ltr'><em>ἀπειρω</em></span> <span class='ocrx_word' id='word_1_21' title='bbox 1366 490 1368 521; x_wconf 77' lang='grc'><em>,</em></span> 
     </span>
     <span class='ocr_line' id='line_1_4' title="bbox 224 522 1321 633; baseline -0.005 -34"><span class='ocrx_word' id='word_1_22' title='bbox 224 538 259 599; x_wconf 80' lang='grc' dir='ltr'><em>δὲ</em></span> <span class='ocrx_word' id='word_1_23' title='bbox 277 532 394 613; x_wconf 88' lang='grc' dir='ltr'><em>πάντη,</em></span> <span class='ocrx_word' id='word_1_24' title='bbox 418 530 467 596; x_wconf 82' lang='grc' dir='ltr'><em>ὅτι</em></span> <span class='ocrx_word' id='word_1_25' title='bbox 485 536 538 594; x_wconf 84' lang='grc' dir='ltr'><em>καὶ</em></span> <span class='ocrx_word' id='word_1_26' title='bbox 557 526 656 607; x_wconf 89' lang='grc' dir='ltr'><em>πάντη</em></span> <span class='ocrx_word' id='word_1_27' title='bbox 675 525 823 606; x_wconf 87' lang='grc' dir='ltr'><em>ἀκίνητον</em></span> <span class='ocrx_word' id='word_1_28' title='bbox 846 523 897 633; x_wconf 85' lang='grc' dir='ltr'><em>(οά</em></span> <span class='ocrx_word' id='word_1_29' title='bbox 914 533 1050 591; x_wconf 78' lang='grc' dir='ltr'><em>κινεῖται</em></span> <span class='ocrx_word' id='word_1_30' title='bbox 1067 522 1130 629; x_wconf 87' lang='grc' dir='ltr'><em>γάρ</em></span> <span class='ocrx_word' id='word_1_31' title='bbox 1148 524 1253 609; x_wconf 87' lang='grc' dir='ltr'><em>πάντη</em></span> <span class='ocrx_word' id='word_1_32' title='bbox 1266 525 1321 593; x_wconf 88' lang='grc' dir='ltr'><em>πά·</em></span> 
     </span>
     <span class='ocr_line' id='line_1_5' title="bbox 224 606 1360 722; baseline -0.003 -38"><span class='ocrx_word' id='word_1_33' title='bbox 224 643 302 685; x_wconf 88' lang='grc' dir='ltr'><em>ποτε</em></span> <span class='ocrx_word' id='word_1_34' title='bbox 323 616 360 683; x_wconf 89' lang='grc' dir='ltr'><em>τδ</em></span> <span class='ocrx_word' id='word_1_35' title='bbox 383 644 425 701; x_wconf 92' lang='grc' dir='ltr'><em>μη</em></span> <span class='ocrx_word' id='word_1_36' title='bbox 413 615 522 700; x_wconf 80' lang='grc' dir='ltr'><em>έηον</em></span> <span class='ocrx_word' id='word_1_37' title='bbox 542 640 606 680; x_wconf 91' lang='grc' dir='ltr'><em>που</em></span> <span class='ocrx_word' id='word_1_38' title='bbox 592 616 827 694; x_wconf 76' lang='grc' dir='ltr'><em>”κινηθῆναι),</em></span> <span class='ocrx_word' id='word_1_39' title='bbox 849 606 998 692; x_wconf 89' lang='grc' dir='ltr'><em>ἀκίνητον</em></span> <span class='ocrx_word' id='word_1_40' title='bbox 1015 614 1067 677; x_wconf 80' lang='grc' dir='ltr'><em>δὲ</em></span> <span class='ocrx_word' id='word_1_41' title='bbox 1045 610 1188 722; x_wconf 85' lang='grc' dir='ltr'><em>πάντη,</em></span> <span class='ocrx_word' id='word_1_42' title='bbox 1211 613 1262 681; x_wconf 82' lang='grc' dir='ltr'><em>ὅτι</em></span> <span class='ocrx_word' id='word_1_43' title='bbox 1280 618 1360 681; x_wconf 79' lang='grc' dir='ltr'><em>κτλ</em></span> 
     </span>
    </p>

    <p class='ocr_par' dir='ltr' id='par_1_3' title="bbox 62 697 1328 1479">
     <span class='ocr_line' id='line_1_6' title="bbox 62 697 1323 812; baseline -0.004 -40"><span class='ocrx_word' id='word_1_44' title='bbox 62 733 110 772; x_wconf 75' lang='grc' dir='ltr'><em>τοι,</em></span> <span class='ocrx_word' id='word_1_45' title='bbox 123 726 180 772; x_wconf 73' lang='grc' dir='ltr'><em>τινι</em></span> <span class='ocrx_word' id='word_1_46' title='bbox 195 731 216 772; x_wconf 76' lang='grc' dir='ltr'><em>υ.</em></span> <span class='ocrx_word' id='word_1_47' title='bbox 225 707 384 779; x_wconf 79' lang='grc' dir='ltr'><em>παντελῶς</em></span> <span class='ocrx_word' id='word_1_48' title='bbox 391 700 577 811; x_wconf 83' lang='grc' dir='ltr'><em>άναρχονΙ</em></span> <span class='ocrx_word' id='word_1_49' title='bbox 602 697 653 811; x_wconf 87' lang='grc' dir='ltr'><em>(οά</em></span> <span class='ocrx_word' id='word_1_50' title='bbox 682 700 760 802; x_wconf 80' lang='grc' dir='ltr'><em>γάρ</em></span> <span class='ocrx_word' id='word_1_51' title='bbox 774 698 840 783; x_wconf 75' lang='grc' dir='ltr'><em>ἔχει</em></span> <span class='ocrx_word' id='word_1_52' title='bbox 869 724 899 762; x_wconf 89' lang='grc' dir='ltr'><em>τι</em></span> <span class='ocrx_word' id='word_1_53' title='bbox 912 724 993 807; x_wconf 92' lang='grc' dir='ltr'><em>προ</em></span> <span class='ocrx_word' id='word_1_54' title='bbox 1005 724 1115 812; x_wconf 79' lang='grc' dir='ltr'><em>μντου</em></span> <span class='ocrx_word' id='word_1_55' title='bbox 1138 705 1196 767; x_wconf 80' lang='grc' dir='ltr'><em>καὶ</em></span> <span class='ocrx_word' id='word_1_56' title='bbox 1217 702 1323 783; x_wconf 71' lang='grc' dir='ltr'><em>μεῖζον,</em></span> 
     </span>
     <span class='ocr_line' id='line_1_7' title="bbox 226 779 1325 894; baseline -0.005 -36"><span class='ocrx_word' id='word_1_57' title='bbox 226 789 298 858; x_wconf 70' lang='grc' dir='ltr'><em>οὔτε</em></span> <span class='ocrx_word' id='word_1_58' title='bbox 316 816 346 855; x_wconf 88' lang='grc' dir='ltr'><em>τι</em></span> <span class='ocrx_word' id='word_1_59' title='bbox 365 787 422 856; x_wconf 75' lang='grc' dir='ltr'><em>σὺν</em></span> <span class='ocrx_word' id='word_1_60' title='bbox 440 785 525 875; x_wconf 76' lang='grc' dir='ltr'><em>αάτηί</em></span> <span class='ocrx_word' id='word_1_61' title='bbox 541 792 595 853; x_wconf 83' lang='grc' dir='ltr'><em>καὶ</em></span> <span class='ocrx_word' id='word_1_62' title='bbox 614 779 697 869; x_wconf 79' lang='grc' dir='ltr'><em>ἶσον,</em></span> <span class='ocrx_word' id='word_1_63' title='bbox 721 782 793 850; x_wconf 79' lang='grc' dir='ltr'><em>οότε</em></span> <span class='ocrx_word' id='word_1_64' title='bbox 812 811 841 849; x_wconf 91' lang='grc' dir='ltr'><em>τι</em></span> <span class='ocrx_word' id='word_1_65' title='bbox 856 781 923 894; x_wconf 74' lang='grc' dir='ltr'><em>μετ’</em></span> <span class='ocrx_word' id='word_1_66' title='bbox 938 781 1026 866; x_wconf 81' lang='grc' dir='ltr'><em>αάτο,</em></span> <span class='ocrx_word' id='word_1_67' title='bbox 1047 791 1102 852; x_wconf 77' lang='grc' dir='ltr'><em>καί</em></span> <span class='ocrx_word' id='word_1_68' title='bbox 1106 796 1325 892; x_wconf 73' lang='grc' dir='ltr'><em>παραμετρεῖ-</em></span> 
     </span>
     <span class='ocr_line' id='line_1_8' title="bbox 225 867 1327 980; baseline -0.005 -35"><span class='ocrx_word' id='word_1_69' title='bbox 225 884 307 945; x_wconf 85' lang='grc' dir='ltr'><em>σθαι</em></span> <span class='ocrx_word' id='word_1_70' title='bbox 324 882 378 942; x_wconf 84' lang='grc' dir='ltr'><em>καὶ</em></span> <span class='ocrx_word' id='word_1_71' title='bbox 395 885 514 978; x_wconf 83' lang='grc' dir='ltr'><em>χωρεῖν</em></span> <span class='ocrx_word' id='word_1_72' title='bbox 532 867 609 938; x_wconf 80' lang='grc' dir='ltr'><em>ιιάτο</em></span> <span class='ocrx_word' id='word_1_73' title='bbox 597 870 828 955; x_wconf 81' lang='grc' dir='ltr'><em>δυνάμενον),</em></span> <span class='ocrx_word' id='word_1_74' title='bbox 856 868 998 980; x_wconf 80' lang='grc' dir='ltr'><em>άναρχον</em></span> <span class='ocrx_word' id='word_1_75' title='bbox 1017 874 1052 936; x_wconf 80' lang='grc' dir='ltr'><em>δέ</em></span> <span class='ocrx_word' id='word_1_76' title='bbox 1068 871 1191 957; x_wconf 88' lang='grc' dir='ltr'><em>πάντη,</em></span> <span class='ocrx_word' id='word_1_77' title='bbox 1214 874 1265 941; x_wconf 84' lang='grc' dir='ltr'><em>δτι</em></span> <span class='ocrx_word' id='word_1_78' title='bbox 1282 879 1327 941; x_wconf 81' lang='grc' dir='ltr'><em>καλ</em></span> 
     </span>
     <span class='ocr_line' id='line_1_9' title="bbox 225 956 1327 1067; baseline -0.003 -39"><span class='ocrx_word' id='word_1_79' title='bbox 225 962 391 1067; x_wconf 72' lang='grc' dir='ltr'><em>ἀγέννητον</em></span> <span class='ocrx_word' id='word_1_80' title='bbox 418 960 534 1040; x_wconf 83' lang='grc' dir='ltr'><em>πάντη,</em></span> <span class='ocrx_word' id='word_1_81' title='bbox 565 956 732 1064; x_wconf 73' lang='grc' dir='ltr'><em>ἀγέννητον</em></span> <span class='ocrx_word' id='word_1_82' title='bbox 761 961 796 1023; x_wconf 89' lang='lat'><em>66</em></span> <span class='ocrx_word' id='word_1_83' title='bbox 818 957 935 1038; x_wconf 87' lang='grc' dir='ltr'><em>πάντη,</em></span> <span class='ocrx_word' id='word_1_84' title='bbox 971 957 1021 1023; x_wconf 80' lang='grc' dir='ltr'><em>ὅτι</em></span> <span class='ocrx_word' id='word_1_85' title='bbox 1044 965 1098 1025; x_wconf 80' lang='grc' dir='ltr'><em>καί</em></span> <span class='ocrx_word' id='word_1_86' title='bbox 1121 960 1315 1040; x_wconf 76' lang='grc' dir='ltr'><em>παντελῶςὲ</em></span> <span class='ocrx_word' id='word_1_87' title='bbox 1314 986 1327 1025; x_wconf 86' lang='grc' dir='ltr'><em>τ</em></span> 
     </span>
     <span class='ocr_line' id='line_1_10' title="bbox 224 1043 1327 1158; baseline -0.002 -42"><span class='ocrx_word' id='word_1_88' title='bbox 224 1056 279 1117; x_wconf 82' lang='grc' dir='ltr'><em>καὶ</em></span> <span class='ocrx_word' id='word_1_89' title='bbox 299 1044 501 1158; x_wconf 80' lang='grc' dir='ltr'><em>μονώτατοι,</em></span> <span class='ocrx_word' id='word_1_90' title='bbox 528 1046 564 1112; x_wconf 76' lang='grc' dir='ltr'><em>ἓν</em></span> <span class='ocrx_word' id='word_1_91' title='bbox 585 1049 620 1110; x_wconf 84' lang='lat'><em>66</em></span> <span class='ocrx_word' id='word_1_92' title='bbox 641 1043 740 1124; x_wconf 87' lang='grc' dir='ltr'><em>πάντη</em></span> <span class='ocrx_word' id='word_1_93' title='bbox 764 1051 818 1110; x_wconf 81' lang='grc' dir='ltr'><em>καί</em></span> <span class='ocrx_word' id='word_1_94' title='bbox 839 1070 1041 1153; x_wconf 89' lang='grc' dir='ltr'><em>μονωτατον,</em></span> <span class='ocrx_word' id='word_1_95' title='bbox 1071 1072 1125 1112; x_wconf 91' lang='grc' dir='ltr'><em>οτι</em></span> <span class='ocrx_word' id='word_1_96' title='bbox 1146 1052 1206 1113; x_wconf 83' lang='grc' dir='ltr'><em>καλ</em></span> <span class='ocrx_word' id='word_1_97' title='bbox 1227 1072 1327 1114; x_wconf 74' lang='grc' dir='ltr'><em>παντο·</em></span> 
     </span>
     <span class='ocr_line' id='line_1_11' title="bbox 224 1128 1328 1221; baseline 0.001 -19"><span class='ocrx_word' id='word_1_98' title='bbox 224 1141 286 1213; x_wconf 82' lang='grc' dir='ltr'><em>λῶς</em></span> <span class='ocrx_word' id='word_1_99' title='bbox 322 1133 475 1219; x_wconf 84' lang='grc' dir='ltr'><em>άσχετον,</em></span> <span class='ocrx_word' id='word_1_100' title='bbox 510 1138 563 1197; x_wconf 79' lang='grc' dir='ltr'><em>καὶ</em></span> <span class='ocrx_word' id='word_1_101' title='bbox 598 1129 651 1196; x_wconf 88' lang='grc' dir='ltr'><em>διά</em></span> <span class='ocrx_word' id='word_1_102' title='bbox 686 1134 779 1197; x_wconf 75' lang='grc' dir='ltr'><em>τοῦτο</em></span> <span class='ocrx_word' id='word_1_103' title='bbox 817 1129 1022 1198; x_wconf 90' lang='grc' dir='ltr'><em>παντάπασιν</em></span> <span class='ocrx_word' id='word_1_104' title='bbox 1053 1128 1136 1221; x_wconf 75' lang='lat'>6666</span> <span class='ocrx_word' id='word_1_105' title='bbox 1119 1132 1197 1215; x_wconf 86' lang='grc' dir='ltr'><em>ητόν</em></span> <span class='ocrx_word' id='word_1_106' title='bbox 1225 1158 1258 1201; x_wconf 77' lang='grc' dir='ltr'><em>τε</em></span> <span class='ocrx_word' id='word_1_107' title='bbox 1282 1139 1328 1209; x_wconf 74' lang='grc' dir='ltr'><em>καὶ</em></span> 
     </span>
     <span class='ocr_line' id='line_1_12' title="bbox 225 1213 1328 1326; baseline 0 -39"><span class='ocrx_word' id='word_1_108' title='bbox 225 1220 405 1306; x_wconf 83' lang='grc' dir='ltr'><em>ἀγνωστον,</em></span> <span class='ocrx_word' id='word_1_109' title='bbox 438 1224 492 1285; x_wconf 79' lang='grc' dir='ltr'><em>καὶ</em></span> <span class='ocrx_word' id='word_1_110' title='bbox 519 1217 623 1297; x_wconf 86' lang='grc' dir='ltr'><em>πάσης</em></span> <span class='ocrx_word' id='word_1_111' title='bbox 651 1221 704 1297; x_wconf 81' lang='grc' dir='ltr'><em>τῆς</em></span> <span class='ocrx_word' id='word_1_112' title='bbox 733 1221 795 1282; x_wconf 83' lang='grc' dir='ltr'><em>τῶν</em></span> <span class='ocrx_word' id='word_1_113' title='bbox 823 1213 871 1282; x_wconf 74' lang='grc' dir='ltr'><em>ἐπ’</em></span> <span class='ocrx_word' id='word_1_114' title='bbox 898 1214 974 1283; x_wconf 84' lang='grc' dir='ltr'><em>αάτδ</em></span> <span class='ocrx_word' id='word_1_115' title='bbox 1003 1224 1108 1296; x_wconf 81' lang='grc' dir='ltr'><em>καλῶς</em></span> <span class='ocrx_word' id='word_1_116' title='bbox 1125 1246 1159 1287; x_wconf 90' lang='grc' dir='ltr'><em>τε</em></span> <span class='ocrx_word' id='word_1_117' title='bbox 1183 1247 1238 1288; x_wconf 88' lang='grc' dir='ltr'><em>και</em></span> <span class='ocrx_word' id='word_1_118' title='bbox 1228 1226 1328 1326; x_wconf 78' lang='grc' dir='ltr'><em>θερ-</em></span> 
     </span>
     <span class='ocr_line' id='line_1_13' title="bbox 224 1303 1328 1416; baseline -0.001 -43"><span class='ocrx_word' id='word_1_119' title='bbox 224 1313 363 1413; x_wconf 74' lang='grc' dir='ltr'><em>πρεποῖς</em></span> <span class='ocrx_word' id='word_1_120' title='bbox 381 1308 573 1416; x_wconf 81' lang='grc' dir='ltr'><em>κινουμένων</em></span> <span class='ocrx_word' id='word_1_121' title='bbox 600 1303 745 1410; x_wconf 81' lang='grc' dir='ltr'><em>γνώσεως</em></span> <span class='ocrx_word' id='word_1_122' title='bbox 766 1306 865 1388; x_wconf 87' lang='grc' dir='ltr'><em>πέρας</em></span> <span class='ocrx_word' id='word_1_123' title='bbox 885 1304 1085 1387; x_wconf 85' lang='grc' dir='ltr'><em>μονάτατον,</em></span> <span class='ocrx_word' id='word_1_124' title='bbox 1114 1312 1170 1373; x_wconf 80' lang='grc' dir='ltr'><em>καὶ</em></span> <span class='ocrx_word' id='word_1_125' title='bbox 1190 1306 1328 1393; x_wconf 86' lang='grc' dir='ltr'><em>μονωτά·</em></span> 
     </span>
     <span class='ocr_line' id='line_1_14' title="bbox 225 1387 1015 1479; baseline -0.003 -19"><span class='ocrx_word' id='word_1_126' title='bbox 225 1421 279 1475; x_wconf 90' lang='grc' dir='ltr'><em>την</em></span> <span class='ocrx_word' id='word_1_127' title='bbox 299 1397 416 1479; x_wconf 81' lang='grc' dir='ltr'><em>γνῶσιν</em></span> <span class='ocrx_word' id='word_1_128' title='bbox 438 1391 514 1477; x_wconf 75' lang='grc' dir='ltr'><em>ἔχον</em></span> <span class='ocrx_word' id='word_1_129' title='bbox 535 1389 640 1471; x_wconf 73' lang='grc' dir='ltr'><em>ἀληθῆ</em></span> <span class='ocrx_word' id='word_1_130' title='bbox 663 1387 698 1455; x_wconf 84' lang='grc' dir='ltr'><em>τό</em></span> <span class='ocrx_word' id='word_1_131' title='bbox 720 1389 763 1474; x_wconf 87' lang='lat'><em>66</em></span> <span class='ocrx_word' id='word_1_132' title='bbox 786 1389 1015 1474; x_wconf 69' lang='grc' dir='ltr'><em>γινώσκεσθαι.</em></span> 
     </span>
    </p>
   </div>
   <div class='ocr_carea' id='block_1_3' title="bbox 63 1577 1326 1679">
    <p class='ocr_par' dir='ltr' id='par_1_4' title="bbox 63 1577 1326 1679">
     <span class='ocr_line' id='line_1_15' title="bbox 63 1577 1326 1679; baseline -0.001 -22"><span class='ocrx_word' id='word_1_133' title='bbox 63 1628 219 1670; x_wconf 56' lang='lat' dir='ltr'><em>mm„</em></span> <span class='ocrx_word' id='word_1_134' title='bbox 220 1583 282 1656; x_wconf 85' lang='grc' dir='ltr'><em>Εκ</em></span> <span class='ocrx_word' id='word_1_135' title='bbox 313 1587 381 1654; x_wconf 85' lang='grc' dir='ltr'><em>τοῦ</em></span> <span class='ocrx_word' id='word_1_136' title='bbox 411 1579 530 1653; x_wconf 84' lang='grc' dir='ltr'><em>αὐτοῦ</em></span> <span class='ocrx_word' id='word_1_137' title='bbox 556 1580 740 1679; x_wconf 87' lang='grc' dir='ltr'><em>λόγου,ε</em></span> <span class='ocrx_word' id='word_1_138' title='bbox 725 1582 774 1662; x_wconf 74' lang='grc' dir='ltr'><em>εἰς</em></span> <span class='ocrx_word' id='word_1_139' title='bbox 796 1577 861 1670; x_wconf 86' lang='grc' dir='ltr'><em>τὸ,</em></span> <span class='ocrx_word' id='word_1_140' title='bbox 896 1583 941 1652; x_wconf 81' lang='lat' dir='ltr'><em>El</em></span> <span class='ocrx_word' id='word_1_141' title='bbox 962 1579 1038 1678; x_wconf 88' lang='grc' dir='ltr'><em>γὰρ</em></span> <span class='ocrx_word' id='word_1_142' title='bbox 1057 1577 1101 1655; x_wconf 85' lang='grc' dir='ltr'><em>τὸ</em></span> <span class='ocrx_word' id='word_1_143' title='bbox 1124 1580 1179 1678; x_wconf 83' lang='grc' dir='ltr'><em>μὴ</em></span> <span class='ocrx_word' id='word_1_144' title='bbox 1202 1580 1247 1659; x_wconf 83' lang='grc' dir='ltr'><em>δν</em></span> <span class='ocrx_word' id='word_1_145' title='bbox 1269 1583 1326 1659; x_wconf 80' lang='grc' dir='ltr'><em>οὐ·</em></span> 
     </span>
    </p>
   </div>
   <div class='ocr_carea' id='block_1_4' title="bbox 63 1637 1324 1811">
    <p class='ocr_par' dir='ltr' id='par_1_5' title="bbox 63 1637 1324 1811">
     <span class='ocr_line' id='line_1_16' title="bbox 63 1637 1324 1811; baseline 0 -52"><span class='ocrx_word' id='word_1_146' title='bbox 63 1637 426 1791; x_wconf 58' lang='lat'>6615’2616566-&#39;606026&#39;</span> <span class='ocrx_word' id='word_1_147' title='bbox 467 1682 510 1754; x_wconf 88' lang='grc' dir='ltr'><em>τδ</em></span> <span class='ocrx_word' id='word_1_148' title='bbox 543 1679 722 1776; x_wconf 75' lang='grc' dir='ltr'><em>μηδαμοῦ</em></span> <span class='ocrx_word' id='word_1_149' title='bbox 751 1678 867 1775; x_wconf 85' lang='grc' dir='ltr'><em>τυχὸν</em></span> <span class='ocrx_word' id='word_1_150' title='bbox 900 1680 1041 1811; x_wconf 83' lang='lat'>0666</span> <span class='ocrx_word' id='word_1_151' title='bbox 1019 1710 1084 1777; x_wconf 92' lang='grc' dir='ltr'><em>ον,</em></span> <span class='ocrx_word' id='word_1_152' title='bbox 1127 1688 1158 1757; x_wconf 79' lang='grc' dir='ltr'><em>εἰ</em></span> <span class='ocrx_word' id='word_1_153' title='bbox 1190 1682 1274 1759; x_wconf 89' lang='lat'><em>66’</em></span> <span class='ocrx_word' id='word_1_154' title='bbox 1262 1690 1324 1760; x_wconf 85' lang='grc' dir='ltr'><em>έοτι</em></span> 
     </span>
    </p>
   </div>
   <div class='ocr_carea' id='block_1_5' title="bbox 63 1781 1282 1885">
    <p class='ocr_par' dir='ltr' id='par_1_6' title="bbox 63 642 1366 2577">
     <span class='ocr_line' id='line_1_17' title="bbox 63 1781 1282 1885; baseline 0.015 -40"><span class='ocrx_word' id='word_1_155' title='bbox 63 1789 109 1828; x_wconf 67' lang='lat'><strong>¹¹⁶⁶·</strong></span> <span class='ocrx_word' id='word_1_156' title='bbox 123 1787 192 1826; x_wconf 53' lang='grc' dir='ltr'><em>ινδ·</em></span> <span class='ocrx_word' id='word_1_157' title='bbox 280 1812 376 1878; x_wconf 76' lang='grc' dir='ltr'><em>που,</em></span> <span class='ocrx_word' id='word_1_158' title='bbox 408 1782 573 1871; x_wconf 81' lang='grc' dir='ltr'><em>πάντως,</em></span> <span class='ocrx_word' id='word_1_159' title='bbox 610 1781 801 1882; x_wconf 77' lang='grc' dir='ltr'><em>ἐπείπερ’</em></span> <span class='ocrx_word' id='word_1_160' title='bbox 788 1789 905 1878; x_wconf 87' lang='grc' dir='ltr'><em>εστιν,</em></span> <span class='ocrx_word' id='word_1_161' title='bbox 939 1782 963 1880; x_wconf 96' lang='lat'><em>6</em></span> <span class='ocrx_word' id='word_1_162' title='bbox 993 1788 1033 1860; x_wconf 84' lang='grc' dir='ltr'><em>έν</em></span> <span class='ocrx_word' id='word_1_163' title='bbox 1062 1794 1117 1885; x_wconf 77' lang='grc' dir='ltr'><em>τῷ</em></span> <span class='ocrx_word' id='word_1_164' title='bbox 1150 1786 1282 1881; x_wconf 82' lang='grc' dir='ltr'><em>παντὶ,</em></span> 
     </span>
    </p>
   </div>
   <div class='ocr_carea' id='block_1_6' title="bbox 279 1884 550 1986">
    <p class='ocr_par' dir='ltr' id='par_1_7' title="bbox 279 1884 550 1986">
     <span class='ocr_line' id='line_1_18' title="bbox 279 1884 550 1986; baseline 0 -24"><span class='ocrx_word' id='word_1_165' title='bbox 279 1884 373 1986; x_wconf 84' lang='grc' dir='ltr'><em>ὑπέρ</em></span> <span class='ocrx_word' id='word_1_166' title='bbox 396 1885 438 1961; x_wconf 86' lang='grc' dir='ltr'><em>τὸ</em></span> <span class='ocrx_word' id='word_1_167' title='bbox 462 1895 550 1962; x_wconf 88' lang='grc' dir='ltr'><em>πᾶν.</em></span> 
     </span>
    </p>
   </div>
   <div class='ocr_carea' id='block_1_7' title="bbox 68 2017 1368 4271">
    <p class='ocr_par' dir='ltr' id='par_1_8' title="bbox 227 2017 1332 3316">
     <span class='ocr_line' id='line_1_19' title="bbox 333 2017 1327 2135; baseline 0.008 -50"><span class='ocrx_word' id='word_1_168' title='bbox 333 2017 433 2085; x_wconf 65' lang='grc' dir='ltr'><em>Δί“</em></span> <span class='ocrx_word' id='word_1_169' title='bbox 413 2048 450 2101; x_wconf 90' lang='grc' dir='ltr'><em>ην</em></span> <span class='ocrx_word' id='word_1_170' title='bbox 482 2021 612 2105; x_wconf 77' lang='grc' dir='ltr'><em>αἰτίαν,</em></span> <span class='ocrx_word' id='word_1_171' title='bbox 634 2017 756 2099; x_wconf 79' lang='grc' dir='ltr'><em>ἴσως</em></span> <span class='ocrx_word' id='word_1_172' title='bbox 739 2048 757 2087; x_wconf 94' lang='grc' dir='ltr'><em>ο</em></span> <span class='ocrx_word' id='word_1_173' title='bbox 788 2020 915 2088; x_wconf 86' lang='grc' dir='ltr'><em>άκοόων</em></span> <span class='ocrx_word' id='word_1_174' title='bbox 942 2023 1082 2133; x_wconf 82' lang='grc' dir='ltr'><em>έρεῖ,</em></span> <span class='ocrx_word' id='word_1_175' title='bbox 1049 2050 1103 2105; x_wconf 87' lang='grc' dir='ltr'><em>την</em></span> <span class='ocrx_word' id='word_1_176' title='bbox 1120 2022 1327 2135; x_wconf 80' lang='grc' dir='ltr'><em>ἀντιστροηηι</em></span> 
     </span>
     <span class='ocr_line' id='line_1_20' title="bbox 228 2104 1327 2219; baseline 0.004 -44"><span class='ocrx_word' id='word_1_177' title='bbox 228 2104 451 2214; x_wconf 64' lang='grc' dir='ltr'><em>ἀμφίβολονε</em></span> <span class='ocrx_word' id='word_1_178' title='bbox 434 2134 451 2173; x_wconf 95' lang='grc' dir='ltr'><em>ο</em></span> <span class='ocrx_word' id='word_1_179' title='bbox 472 2108 688 2218; x_wconf 78' lang='grc' dir='ltr'><em>διδάσκαλος</em></span> <span class='ocrx_word' id='word_1_180' title='bbox 688 2108 800 2190; x_wconf 76' lang='grc' dir='ltr'><em>ἔθετο,</em></span> <span class='ocrx_word' id='word_1_181' title='bbox 821 2114 979 2219; x_wconf 83' lang='grc' dir='ltr'><em>προςθεὶς</em></span> <span class='ocrx_word' id='word_1_182' title='bbox 999 2110 1036 2176; x_wconf 90' lang='grc' dir='ltr'><em>τδ</em></span> <span class='ocrx_word' id='word_1_183' title='bbox 1054 2109 1150 2195; x_wconf 83' lang='grc' dir='ltr'><em>τυχόν</em></span> <span class='ocrx_word' id='word_1_184' title='bbox 1169 2107 1327 2219; x_wconf 71' lang='grc' dir='ltr'><em>ἐπίρρημα,</em></span> 
     </span>
     <span class='ocr_line' id='line_1_21' title="bbox 227 2192 1326 2306; baseline 0.003 -46"><span class='ocrx_word' id='word_1_185' title='bbox 227 2200 307 2260; x_wconf 85' lang='grc' dir='ltr'><em>πάσι</em></span> <span class='ocrx_word' id='word_1_186' title='bbox 342 2192 487 2274; x_wconf 76' lang='grc' dir='ltr'><em>δηλου”</em></span> <span class='ocrx_word' id='word_1_187' title='bbox 459 2221 606 2306; x_wconf 84' lang='grc' dir='ltr'><em>ουτος,</em></span> <span class='ocrx_word' id='word_1_188' title='bbox 611 2194 690 2261; x_wconf 86' lang='grc' dir='ltr'><em>κατά</em></span> <span class='ocrx_word' id='word_1_189' title='bbox 719 2194 777 2270; x_wconf 84' lang='grc' dir='ltr'><em>τοὶς</em></span> <span class='ocrx_word' id='word_1_190' title='bbox 804 2192 934 2278; x_wconf 88' lang='grc' dir='ltr'><em>λογικάς</em></span> <span class='ocrx_word' id='word_1_191' title='bbox 960 2193 1156 2306; x_wconf 78' lang='grc' dir='ltr'><em>ἀποθέσεις,</em></span> <span class='ocrx_word' id='word_1_192' title='bbox 1197 2202 1268 2283; x_wconf 71' lang='grc' dir='ltr'><em>τοῦ,</em></span> <span class='ocrx_word' id='word_1_193' title='bbox 1298 2196 1326 2263; x_wconf 85' lang='grc' dir='ltr'><em>τδ</em></span> 
     </span>
     <span class='ocr_line' id='line_1_22' title="bbox 227 2274 1325 2390; baseline 0.004 -43.097"><span class='ocrx_word' id='word_1_194' title='bbox 227 2280 419 2390; x_wconf 77' lang='grc' dir='ltr'><em>μηδαμοῖυ’</em></span> <span class='ocrx_word' id='word_1_195' title='bbox 406 2278 443 2346; x_wconf 89' lang='grc' dir='ltr'><em>όν</em></span> <span class='ocrx_word' id='word_1_196' title='bbox 468 2274 606 2390; x_wconf 45' lang='grc' dir='ltr'><em>μηδὲ.</em></span> <span class='ocrx_word' id='word_1_197' title='bbox 574 2307 673 2360; x_wconf 90' lang='grc' dir='ltr'><em>ειναι,</em></span> <span class='ocrx_word' id='word_1_198' title='bbox 708 2284 838 2356; x_wconf 89' lang='grc' dir='ltr'><em>δικαίως</em></span> <span class='ocrx_word' id='word_1_199' title='bbox 865 2279 1069 2350; x_wconf 89' lang='grc' dir='ltr'><em>παντάπασιν</em></span> <span class='ocrx_word' id='word_1_200' title='bbox 1090 2279 1325 2370; x_wconf 75' lang='grc' dir='ltr'><em>όμολογεϊσθαι</em></span> 
     </span>
     <span class='ocr_line' id='line_1_23' title="bbox 228 2358 1327 2479; baseline 0.005 -47"><span class='ocrx_word' id='word_1_201' title='bbox 228 2364 363 2478; x_wconf 76' lang='grc' dir='ltr'><em>Πρδς“</em></span> <span class='ocrx_word' id='word_1_202' title='bbox 343 2393 381 2433; x_wconf 96' lang='grc' dir='ltr'><em>ον</em></span> <span class='ocrx_word' id='word_1_203' title='bbox 401 2394 480 2432; x_wconf 88' lang='grc' dir='ltr'><em>κατα</em></span> <span class='ocrx_word' id='word_1_204' title='bbox 503 2394 539 2433; x_wconf 92' lang='grc' dir='ltr'><em>το</em></span> <span class='ocrx_word' id='word_1_205' title='bbox 563 2393 616 2446; x_wconf 92' lang='grc' dir='ltr'><em>της</em></span> <span class='ocrx_word' id='word_1_206' title='bbox 635 2370 775 2478; x_wconf 75' lang='grc' dir='ltr'><em>πτωχῆς</em></span> <span class='ocrx_word' id='word_1_207' title='bbox 782 2358 870 2474; x_wconf 69' lang='grc' dir='ltr'><em>ημῶν</em></span> <span class='ocrx_word' id='word_1_208' title='bbox 892 2370 1038 2446; x_wconf 80' lang='grc' dir='ltr'><em>διανοίας</em></span> <span class='ocrx_word' id='word_1_209' title='bbox 1055 2368 1178 2448; x_wconf 77' lang='grc' dir='ltr'><em>έπιδεές</em></span> <span class='ocrx_word' id='word_1_210' title='bbox 1196 2368 1214 2438; x_wconf 87' lang='lat'><em>6</em></span> <span class='ocrx_word' id='word_1_211' title='bbox 1213 2376 1327 2479; x_wconf 78' lang='grc' dir='ltr'><em>ροῦμεν,</em></span> 
     </span>
     <span class='ocr_line' id='line_1_24' title="bbox 229 2398 1329 2563; baseline 0.005 -43"><span class='ocrx_word' id='word_1_212' title='bbox 229 2454 279 2520; x_wconf 78' lang='grc' dir='ltr'><em>ὅτι</em></span> <span class='ocrx_word' id='word_1_213' title='bbox 306 2452 486 2563; x_wconf 81' lang='grc' dir='ltr'><em>Εάνόμιον</em></span> <span class='ocrx_word' id='word_1_214' title='bbox 501 2460 555 2520; x_wconf 85' lang='grc' dir='ltr'><em>καὶ</em></span> <span class='ocrx_word' id='word_1_215' title='bbox 592 2452 664 2529; x_wconf 80' lang='grc' dir='ltr'><em>τοὺς</em></span> <span class='ocrx_word' id='word_1_216' title='bbox 698 2451 775 2559; x_wconf 82' lang='grc' dir='ltr'><em>ἀμφ’</em></span> <span class='ocrx_word' id='word_1_217' title='bbox 805 2447 920 2532; x_wconf 79' lang='grc' dir='ltr'><em>αότδν,</em></span> <span class='ocrx_word' id='word_1_218' title='bbox 958 2460 1107 2540; x_wconf 85' lang='grc' dir='ltr'><em>λέγοντας</em></span> <span class='ocrx_word' id='word_1_219' title='bbox 1135 2398 1257 2525; x_wconf 85' lang='grc' dir='ltr'><em>είδένάι</em></span> <span class='ocrx_word' id='word_1_220' title='bbox 1281 2454 1329 2525; x_wconf 79' lang='grc' dir='ltr'><em>τδτ</em></span> 
     </span>
     <span class='ocr_line' id='line_1_25' title="bbox 228 2536 1329 2654; baseline 0.005 -48"><span class='ocrx_word' id='word_1_221' title='bbox 228 2539 310 2607; x_wconf 83' lang='grc' dir='ltr'><em>θεδν</em></span> <span class='ocrx_word' id='word_1_222' title='bbox 338 2536 381 2616; x_wconf 81' lang='grc' dir='ltr'><em>ὡς</em></span> <span class='ocrx_word' id='word_1_223' title='bbox 410 2537 505 2649; x_wconf 75' lang='grc' dir='ltr'><em>αάτδς</em></span> <span class='ocrx_word' id='word_1_224' title='bbox 531 2539 659 2618; x_wconf 79' lang='grc' dir='ltr'><em>ἑαυτὸν,</em></span> <span class='ocrx_word' id='word_1_225' title='bbox 695 2565 748 2619; x_wconf 88' lang='grc' dir='ltr'><em>της</em></span> <span class='ocrx_word' id='word_1_226' title='bbox 777 2539 933 2619; x_wconf 85' lang='grc' dir='ltr'><em>πολλῆς</em></span> <span class='ocrx_word' id='word_1_227' title='bbox 917 2554 1077 2654; x_wconf 83' lang='grc' dir='ltr'><em>επισχείν</em></span> <span class='ocrx_word' id='word_1_228' title='bbox 1083 2550 1204 2628; x_wconf 82' lang='grc' dir='ltr'><em>μανίας</em></span> <span class='ocrx_word' id='word_1_229' title='bbox 1222 2542 1329 2629; x_wconf 79' lang='grc' dir='ltr'><em>βουλό·</em></span> 
     </span>
     <span class='ocr_line' id='line_1_26' title="bbox 223 2623 1328 2744; baseline 0.006 -53.026"><span class='ocrx_word' id='word_1_230' title='bbox 223 2652 329 2738; x_wconf 84' lang='grc' dir='ltr'><em>μενος</em></span> <span class='ocrx_word' id='word_1_231' title='bbox 351 2627 397 2701; x_wconf 87' lang='grc' dir='ltr'><em>είς</em></span> <span class='ocrx_word' id='word_1_232' title='bbox 424 2623 547 2692; x_wconf 79' lang='grc' dir='ltr'><em>ἄτοπον</em></span> <span class='ocrx_word' id='word_1_233' title='bbox 575 2625 671 2703; x_wconf 84' lang='grc' dir='ltr'><em>δόξαν</em></span> <span class='ocrx_word' id='word_1_234' title='bbox 700 2623 753 2691; x_wconf 88' lang='grc' dir='ltr'><em>διά</em></span> <span class='ocrx_word' id='word_1_235' title='bbox 782 2630 843 2691; x_wconf 83' lang='grc' dir='ltr'><em>τῶν</em></span> <span class='ocrx_word' id='word_1_236' title='bbox 875 2626 1029 2738; x_wconf 81' lang='grc' dir='ltr'><em>τοιοότμν</em></span> <span class='ocrx_word' id='word_1_237' title='bbox 1055 2625 1200 2714; x_wconf 73' lang='grc' dir='ltr'><em>ἀπήγαγε</em></span> <span class='ocrx_word' id='word_1_238' title='bbox 1228 2630 1328 2744; x_wconf 77' lang='grc' dir='ltr'><em>λόγων.</em></span> 
     </span>
     <span class='ocr_line' id='line_1_27' title="bbox 223 2708 1329 2826; baseline 0.007 -51.051"><span class='ocrx_word' id='word_1_239' title='bbox 223 2711 267 2776; x_wconf 88' lang='grc' dir='ltr'><strong><em>Ἢ</em></strong></span> <span class='ocrx_word' id='word_1_240' title='bbox 292 2711 352 2797; x_wconf 82' lang='grc' dir='ltr'><em>γάρ</em></span> <span class='ocrx_word' id='word_1_241' title='bbox 382 2716 529 2818; x_wconf 83' lang='grc' dir='ltr'><em>λέγοντας</em></span> <span class='ocrx_word' id='word_1_242' title='bbox 557 2711 674 2778; x_wconf 78' lang='grc' dir='ltr'><em>εἰδέναι</em></span> <span class='ocrx_word' id='word_1_243' title='bbox 703 2711 758 2778; x_wconf 87' lang='grc' dir='ltr'><em>τδν</em></span> <span class='ocrx_word' id='word_1_244' title='bbox 785 2708 911 2779; x_wconf 71' lang='grc' dir='ltr'><em>θεδνι</em></span> <span class='ocrx_word' id='word_1_245' title='bbox 888 2738 930 2790; x_wconf 92' lang='grc' dir='ltr'><em>ως</em></span> <span class='ocrx_word' id='word_1_246' title='bbox 952 2711 1047 2792; x_wconf 83' lang='grc' dir='ltr'><em>αάτδς</em></span> <span class='ocrx_word' id='word_1_247' title='bbox 1068 2715 1198 2826; x_wconf 78' lang='grc' dir='ltr'><em>ἑαυτὸν,</em></span> <span class='ocrx_word' id='word_1_248' title='bbox 1230 2723 1283 2783; x_wconf 75' lang='grc' dir='ltr'><em>καὶ</em></span> <span class='ocrx_word' id='word_1_249' title='bbox 1295 2740 1329 2783; x_wconf 81' lang='grc' dir='ltr'><em>-ω</em></span> 
     </span>
     <span class='ocr_line' id='line_1_28' title="bbox 229 2793 1330 2908; baseline 0.005 -44"><span class='ocrx_word' id='word_1_250' title='bbox 229 2802 294 2908; x_wconf 66' lang='grc' dir='ltr'><em>ποί</em></span> <span class='ocrx_word' id='word_1_251' title='bbox 321 2796 380 2882; x_wconf 76' lang='grc' dir='ltr'><em>χρὴ</em></span> <span class='ocrx_word' id='word_1_252' title='bbox 409 2795 464 2864; x_wconf 87' lang='grc' dir='ltr'><em>τδν</em></span> <span class='ocrx_word' id='word_1_253' title='bbox 485 2796 723 2883; x_wconf 86' lang='grc' dir='ltr'><em>γινωσκόμενον</em></span> <span class='ocrx_word' id='word_1_254' title='bbox 744 2793 827 2865; x_wconf 82' lang='grc' dir='ltr'><em>εἶναι</em></span> <span class='ocrx_word' id='word_1_255' title='bbox 849 2800 1060 2886; x_wconf 83' lang='grc' dir='ltr'><em>προςεπάγειν</em></span> <span class='ocrx_word' id='word_1_256' title='bbox 1082 2799 1197 2889; x_wconf 78' lang='grc' dir='ltr'><em>αάτοδς</em></span> <span class='ocrx_word' id='word_1_257' title='bbox 1217 2803 1330 2879; x_wconf 79' lang='grc' dir='ltr'><em>πάντας</em></span> 
     </span>
     <span class='ocr_line' id='line_1_29' title="bbox 229 2881 1330 2996; baseline 0.006 -46"><span class='ocrx_word' id='word_1_258' title='bbox 229 2881 363 2995; x_wconf 90' lang='grc' dir='ltr'><em>ἀνάγκη,</em></span> <span class='ocrx_word' id='word_1_259' title='bbox 401 2882 483 2993; x_wconf 75' lang='grc' dir='ltr'><em>πρδς</em></span> <span class='ocrx_word' id='word_1_260' title='bbox 517 2891 639 2994; x_wconf 83' lang='grc' dir='ltr'><em>τελείμν</em></span> <span class='ocrx_word' id='word_1_261' title='bbox 672 2889 729 2950; x_wconf 76' lang='grc' dir='ltr'><em>τοῦ</em></span> <span class='ocrx_word' id='word_1_262' title='bbox 763 2887 1019 2994; x_wconf 74' lang='grc' dir='ltr'><em>1γινωσκομένου</em></span> <span class='ocrx_word' id='word_1_263' title='bbox 1055 2884 1330 2996; x_wconf 77' lang='grc' dir='ltr'><em>κατάληψιν,καλ</em></span> 
     </span>
     <span class='ocr_line' id='line_1_30' title="bbox 231 2965 1330 3083; baseline 0.003 -47"><span class='ocrx_word' id='word_1_264' title='bbox 231 2966 322 3037; x_wconf 80' lang='grc' dir='ltr'><em>οάδὲν</em></span> <span class='ocrx_word' id='word_1_265' title='bbox 351 2965 479 3049; x_wconf 84' lang='grc' dir='ltr'><em>οάδενός</em></span> <span class='ocrx_word' id='word_1_266' title='bbox 507 2977 569 3037; x_wconf 79' lang='grc' dir='ltr'><em>τῶν</em></span> <span class='ocrx_word' id='word_1_267' title='bbox 594 2970 694 3038; x_wconf 81' lang='grc' dir='ltr'><em>ὄντων</em></span> <span class='ocrx_word' id='word_1_268' title='bbox 715 2969 751 3036; x_wconf 87' lang='grc' dir='ltr'><em>τδ</em></span> <span class='ocrx_word' id='word_1_269' title='bbox 760 2970 927 3082; x_wconf 83' lang='grc' dir='ltr'><em>πμράπαν</em></span> <span class='ocrx_word' id='word_1_270' title='bbox 950 2974 1068 3083; x_wconf 78' lang='grc' dir='ltr'><em>οάτωγε</em></span> <span class='ocrx_word' id='word_1_271' title='bbox 1090 2973 1215 3057; x_wconf 86' lang='grc' dir='ltr'><em>διενηνο</em></span> <span class='ocrx_word' id='word_1_272' title='bbox 1238 3002 1254 3043; x_wconf 89' lang='grc' dir='ltr'><em>ε</em></span> <span class='ocrx_word' id='word_1_273' title='bbox 1273 2966 1330 3045; x_wconf 73' lang='grc' dir='ltr'><em>κατ’</em></span> 
     </span>
     <span class='ocr_line' id='line_1_31' title="bbox 230 3052 1331 3170; baseline 0.005 -47"><span class='ocrx_word' id='word_1_274' title='bbox 230 3053 356 3165; x_wconf 78' lang='grc' dir='ltr'><em>αάτοδς</em></span> <span class='ocrx_word' id='word_1_275' title='bbox 373 3052 391 3121; x_wconf 86' lang='lat'><em>6</em></span> <span class='ocrx_word' id='word_1_276' title='bbox 412 3056 514 3168; x_wconf 77' lang='grc' dir='ltr'><em>θεδς,</em></span> <span class='ocrx_word' id='word_1_277' title='bbox 544 3057 632 3146; x_wconf 84' lang='grc' dir='ltr'><em>τόπῳ</em></span> <span class='ocrx_word' id='word_1_278' title='bbox 655 3066 708 3123; x_wconf 87' lang='grc' dir='ltr'><em>καὶ</em></span> <span class='ocrx_word' id='word_1_279' title='bbox 730 3054 1145 3170; x_wconf 68' lang='lat'>661636667666666605,</span> <span class='ocrx_word' id='word_1_280' title='bbox 1173 3088 1213 3130; x_wconf 93' lang='grc' dir='ltr'><em>ου</em></span> <span class='ocrx_word' id='word_1_281' title='bbox 1235 3070 1268 3129; x_wconf 89' lang='grc' dir='ltr'><em>τί</em></span> <span class='ocrx_word' id='word_1_282' title='bbox 1285 3063 1331 3169; x_wconf 78' lang='grc' dir='ltr'><em>γέ·</em></span> 
     </span>
     <span class='ocr_line' id='line_1_32' title="bbox 229 3137 1330 3256; baseline 0.005 -48"><span class='ocrx_word' id='word_1_283' title='bbox 229 3137 307 3209; x_wconf 75' lang='grc' dir='ltr'><em>νοντ’</em></span> <span class='ocrx_word' id='word_1_284' title='bbox 336 3141 375 3208; x_wconf 81' lang='grc' dir='ltr'><em>ἂν</em></span> <span class='ocrx_word' id='word_1_285' title='bbox 404 3141 622 3251; x_wconf 72' lang='grc' dir='ltr'><em>ἀτοπωτέραν,</em></span> <span class='ocrx_word' id='word_1_286' title='bbox 657 3141 676 3224; x_wconf 88' lang='lat'><em>6</em></span> <span class='ocrx_word' id='word_1_287' title='bbox 700 3142 758 3251; x_wconf 91' lang='lat'><em>66</em></span> <span class='ocrx_word' id='word_1_288' title='bbox 771 3148 920 3250; x_wconf 87' lang='grc' dir='ltr'><em>λέγοντας</em></span> <span class='ocrx_word' id='word_1_289' title='bbox 941 3152 1022 3249; x_wconf 78' lang='grc' dir='ltr'><em>ποῦ,</em></span> <span class='ocrx_word' id='word_1_290' title='bbox 1045 3145 1177 3256; x_wconf 75' lang='grc' dir='ltr'><em>ἢμηδὲ</em></span> <span class='ocrx_word' id='word_1_291' title='bbox 1197 3142 1328 3216; x_wconf 75' lang='grc' dir='ltr'><em>εἶναι</em></span> <span class='ocrx_word' id='word_1_292' title='bbox 1299 3172 1330 3213; x_wconf 88' lang='grc' dir='ltr'><em>το</em></span> 
     </span>
     <span class='ocr_line' id='line_1_33' title="bbox 230 3224 1333 3340; baseline 0.002 -44"><span class='ocrx_word' id='word_1_293' title='bbox 230 3230 366 3296; x_wconf 85' lang='grc' dir='ltr'><em>σόνολον</em></span> <span class='ocrx_word' id='word_1_294' title='bbox 386 3236 512 3340; x_wconf 86' lang='grc' dir='ltr'><em>λεγειν,</em></span> <span class='ocrx_word' id='word_1_295' title='bbox 541 3228 620 3297; x_wconf 88' lang='grc' dir='ltr'><em>κατά</em></span> <span class='ocrx_word' id='word_1_296' title='bbox 643 3229 697 3308; x_wconf 79' lang='grc' dir='ltr'><em>την</em></span> <span class='ocrx_word' id='word_1_297' title='bbox 719 3225 817 3339; x_wconf 73' lang='grc' dir='ltr'><em>αάτοιῖ</em></span> <span class='ocrx_word' id='word_1_298' title='bbox 838 3234 895 3321; x_wconf 66' lang='grc' dir='ltr'><em>τοῦ</em></span> <span class='ocrx_word' id='word_1_299' title='bbox 899 3224 1016 3316; x_wconf 90' lang='grc' dir='ltr'><em>λόγου</em></span> <span class='ocrx_word' id='word_1_300' title='bbox 1041 3231 1230 3319; x_wconf 73' lang='grc' dir='ltr'><em>ἀπόθεσιν,</em></span> <span class='ocrx_word' id='word_1_301' title='bbox 1250 3226 1289 3303; x_wconf 82' lang='lat'><em>66</em></span> <span class='ocrx_word' id='word_1_302' title='bbox 1305 3238 1333 3299; x_wconf 83' lang='grc' dir='ltr'><em>τί</em></span> 
     </span>
    </p>

    <p class='ocr_par' dir='ltr' id='par_1_9' title="bbox 68 3313 1368 4271">
     <span class='ocr_line' id='line_1_34' title="bbox 68 3313 1331 3434; baseline 0.006 -54"><span class='ocrx_word' id='word_1_303' title='bbox 68 3312 341 3401; x_wconf 49' lang='grc' dir='ltr'><em>,,,,,ηη),γένοιτ’</em></span> <span class='ocrx_word' id='word_1_304' title='bbox 370 3313 409 3381; x_wconf 84' lang='grc' dir='ltr'><em>ἀν</em></span> <span class='ocrx_word' id='word_1_305' title='bbox 436 3314 637 3428; x_wconf 70' lang='grc' dir='ltr'><em>ἀθεώτερον,</em></span> <span class='ocrx_word' id='word_1_306' title='bbox 665 3320 746 3425; x_wconf 77' lang='grc' dir='ltr'><em>(πῶς</em></span> <span class='ocrx_word' id='word_1_307' title='bbox 772 3315 832 3423; x_wconf 84' lang='grc' dir='ltr'><em>γάρ</em></span> <span class='ocrx_word' id='word_1_308' title='bbox 855 3314 909 3384; x_wconf 84' lang='grc' dir='ltr'><em>καὶ</em></span> <span class='ocrx_word' id='word_1_309' title='bbox 955 3326 988 3385; x_wconf 89' lang='grc' dir='ltr'><em>τί</em></span> <span class='ocrx_word' id='word_1_310' title='bbox 1008 3317 1048 3385; x_wconf 81' lang='grc' dir='ltr'><em>ἀν</em></span> <span class='ocrx_word' id='word_1_311' title='bbox 1067 3320 1175 3402; x_wconf 74' lang='grc' dir='ltr'><em>εἴη</em></span> <span class='ocrx_word' id='word_1_312' title='bbox 1138 3348 1177 3388; x_wconf 89' lang='grc' dir='ltr'><em>το</em></span> <span class='ocrx_word' id='word_1_313' title='bbox 1198 3318 1331 3434; x_wconf 72' lang='grc' dir='ltr'><em>μὴπάν-</em></span> 
     </span>
     <span class='ocr_line' id='line_1_35' title="bbox 230 3396 1333 3509; baseline 0.005 -40"><span class='ocrx_word' id='word_1_314' title='bbox 230 3428 291 3509; x_wconf 91' lang='grc' dir='ltr'><em>τως</em></span> <span class='ocrx_word' id='word_1_315' title='bbox 318 3407 382 3467; x_wconf 81' lang='grc' dir='ltr'><em>ποίι</em></span> <span class='ocrx_word' id='word_1_316' title='bbox 411 3402 447 3468; x_wconf 86' lang='grc' dir='ltr'><em>τδ</em></span> <span class='ocrx_word' id='word_1_317' title='bbox 477 3396 560 3468; x_wconf 77' lang='grc' dir='ltr'><em>εἶναι</em></span> <span class='ocrx_word' id='word_1_318' title='bbox 588 3401 740 3486; x_wconf 70' lang='grc' dir='ltr'><em>έγονς)’</em></span> <span class='ocrx_word' id='word_1_319' title='bbox 727 3429 744 3481; x_wconf 93' lang='grc' dir='ltr'><em>η</em></span> <span class='ocrx_word' id='word_1_320' title='bbox 766 3429 892 3480; x_wconf 86' lang='grc' dir='ltr'><em>παντως</em></span> <span class='ocrx_word' id='word_1_321' title='bbox 912 3430 995 3471; x_wconf 84' lang='grc' dir='ltr'><em>ειναι</em></span> <span class='ocrx_word' id='word_1_322' title='bbox 1018 3403 1094 3483; x_wconf 73' lang='grc' dir='ltr'><em>έξ’</em></span> <span class='ocrx_word' id='word_1_323' title='bbox 1073 3407 1211 3492; x_wconf 87' lang='grc' dir='ltr'><em>ανάγκης</em></span> <span class='ocrx_word' id='word_1_324' title='bbox 1229 3405 1333 3483; x_wconf 77' lang='grc' dir='ltr'><em>αάτολς</em></span> 
     </span>
     <span class='ocr_line' id='line_1_36' title="bbox 230 3479 1331 3600; baseline 0.011 -47"><span class='ocrx_word' id='word_1_325' title='bbox 230 3479 247 3569; x_wconf 86' lang='lat'><em>6</em></span> <span class='ocrx_word' id='word_1_326' title='bbox 277 3485 459 3554; x_wconf 82' lang='grc' dir='ltr'><em>ἀκολουθία</em></span> <span class='ocrx_word' id='word_1_327' title='bbox 489 3493 548 3554; x_wconf 78' lang='grc' dir='ltr'><em>τοῦ</em></span> <span class='ocrx_word' id='word_1_328' title='bbox 574 3487 672 3572; x_wconf 88' lang='grc' dir='ltr'><em>λόγου</em></span> <span class='ocrx_word' id='word_1_329' title='bbox 702 3492 800 3600; x_wconf 86' lang='grc' dir='ltr'><em>λέγειν</em></span> <span class='ocrx_word' id='word_1_330' title='bbox 826 3490 983 3600; x_wconf 57' lang='grc' dir='ltr'><em>βιάζεται</em></span> <span class='ocrx_word' id='word_1_331' title='bbox 997 3497 1051 3558; x_wconf 83' lang='grc' dir='ltr'><em>καὶ</em></span> <span class='ocrx_word' id='word_1_332' title='bbox 1075 3498 1228 3579; x_wconf 74' lang='grc' dir='ltr'><em>μηδαμοῦ</em></span> <span class='ocrx_word' id='word_1_333' title='bbox 1248 3488 1331 3565; x_wconf 62' lang='grc' dir='ltr'><em>εἶναι</em></span> 
     </span>
     <span class='ocr_line' id='line_1_37' title="bbox 230 3568 1333 3685; baseline 0.005 -44"><span class='ocrx_word' id='word_1_334' title='bbox 230 3582 285 3641; x_wconf 81' lang='grc' dir='ltr'><em>καί</em></span> <span class='ocrx_word' id='word_1_335' title='bbox 314 3573 367 3639; x_wconf 83' lang='grc' dir='ltr'><em>διά</em></span> <span class='ocrx_word' id='word_1_336' title='bbox 396 3580 490 3640; x_wconf 77' lang='grc' dir='ltr'><em>τοῦτο</em></span> <span class='ocrx_word' id='word_1_337' title='bbox 513 3568 595 3640; x_wconf 76' lang='grc' dir='ltr'><em>εἶναι</em></span> <span class='ocrx_word' id='word_1_338' title='bbox 616 3578 675 3658; x_wconf 80' lang='grc' dir='ltr'><em>μὲν</em></span> <span class='ocrx_word' id='word_1_339' title='bbox 697 3581 751 3640; x_wconf 79' lang='grc' dir='ltr'><em>καί</em></span> <span class='ocrx_word' id='word_1_340' title='bbox 773 3573 928 3685; x_wconf 77' lang='grc' dir='ltr'><em>ὗπάρχειν</em></span> <span class='ocrx_word' id='word_1_341' title='bbox 949 3577 985 3643; x_wconf 81' lang='grc' dir='ltr'><em>τό</em></span> <span class='ocrx_word' id='word_1_342' title='bbox 1008 3584 1118 3659; x_wconf 84' lang='grc' dir='ltr'><em>θείου,</em></span> <span class='ocrx_word' id='word_1_343' title='bbox 1149 3607 1180 3647; x_wconf 87' lang='grc' dir='ltr'><em>τι</em></span> <span class='ocrx_word' id='word_1_344' title='bbox 1174 3584 1239 3648; x_wconf 85' lang='lat'><em>66</em></span> <span class='ocrx_word' id='word_1_345' title='bbox 1258 3574 1333 3649; x_wconf 69' lang='grc' dir='ltr'><em>εἶναι</em></span> 
     </span>
     <span class='ocr_line' id='line_1_38' title="bbox 230 3626 1345 3769; baseline 0.005 -42"><span class='ocrx_word' id='word_1_346' title='bbox 230 3667 284 3727; x_wconf 85' lang='grc' dir='ltr'><em>καὶ</em></span> <span class='ocrx_word' id='word_1_347' title='bbox 307 3658 462 3769; x_wconf 76' lang='grc' dir='ltr'><em>ἀπάρχειν</em></span> <span class='ocrx_word' id='word_1_348' title='bbox 481 3688 523 3743; x_wconf 92' lang='grc' dir='ltr'><em>μη</em></span> <span class='ocrx_word' id='word_1_349' title='bbox 512 3659 673 3726; x_wconf 83' lang='grc' dir='ltr'><em>εἰδέναι.</em></span> <span class='ocrx_word' id='word_1_350' title='bbox 718 3661 760 3724; x_wconf 81' lang='grc' dir='ltr'><em>Εἰ</em></span> <span class='ocrx_word' id='word_1_351' title='bbox 781 3659 842 3749; x_wconf 83' lang='grc' dir='ltr'><em>γάρ</em></span> <span class='ocrx_word' id='word_1_352' title='bbox 866 3659 902 3727; x_wconf 82' lang='grc' dir='ltr'><em>τό</em></span> <span class='ocrx_word' id='word_1_353' title='bbox 920 3669 984 3729; x_wconf 79' lang='grc' dir='ltr'><em>ποῦ</em></span> <span class='ocrx_word' id='word_1_354' title='bbox 1004 3664 1040 3731; x_wconf 85' lang='grc' dir='ltr'><em>τό</em></span> <span class='ocrx_word' id='word_1_355' title='bbox 1059 3626 1206 3732; x_wconf 62' lang='lat'>666³</span> <span class='ocrx_word' id='word_1_356' title='bbox 1172 3692 1256 3733; x_wconf 86' lang='grc' dir='ltr'><em>ειναι</em></span> <span class='ocrx_word' id='word_1_357' title='bbox 1274 3658 1345 3731; x_wconf 73' lang='grc' dir='ltr'><em>καί</em></span> 
     </span>
     <span class='ocr_line' id='line_1_39' title="bbox 230 3743 1333 3860; baseline 0.004 -49"><span class='ocrx_word' id='word_1_358' title='bbox 230 3743 345 3822; x_wconf 79' lang='grc' dir='ltr'><em>αάτοδς</em></span> <span class='ocrx_word' id='word_1_359' title='bbox 372 3744 549 3828; x_wconf 76' lang='grc' dir='ltr'><em>ἄγνωστον,</em></span> <span class='ocrx_word' id='word_1_360' title='bbox 581 3751 691 3856; x_wconf 80' lang='grc' dir='ltr'><em>πολλῷ</em></span> <span class='ocrx_word' id='word_1_361' title='bbox 717 3751 859 3860; x_wconf 77' lang='grc' dir='ltr'><em>μᾶλλον</em></span> <span class='ocrx_word' id='word_1_362' title='bbox 869 3744 945 3815; x_wconf 82' lang='grc' dir='ltr'><em>αάτδ</em></span> <span class='ocrx_word' id='word_1_363' title='bbox 976 3751 1013 3817; x_wconf 90' lang='grc' dir='ltr'><em>τδ</em></span> <span class='ocrx_word' id='word_1_364' title='bbox 1039 3752 1205 3860; x_wconf 71' lang='grc' dir='ltr'><em>θείον,“</em></span> <span class='ocrx_word' id='word_1_365' title='bbox 1182 3779 1235 3819; x_wconf 89' lang='grc' dir='ltr'><em>οτι</em></span> <span class='ocrx_word' id='word_1_366' title='bbox 1262 3754 1333 3820; x_wconf 77' lang='grc' dir='ltr'><em>ποτέ</em></span> 
     </span>
     <span class='ocr_line' id='line_1_40' title="bbox 230 3827 1333 3943; baseline 0.005 -46"><span class='ocrx_word' id='word_1_367' title='bbox 230 3828 296 3898; x_wconf 76' lang='grc' dir='ltr'><em>κατ’</em></span> <span class='ocrx_word' id='word_1_368' title='bbox 319 3827 432 3896; x_wconf 81' lang='grc' dir='ltr'><em>οάσίαν</em></span> <span class='ocrx_word' id='word_1_369' title='bbox 455 3831 557 3909; x_wconf 77' lang='grc' dir='ltr'><em>ἐστὶν,</em></span> <span class='ocrx_word' id='word_1_370' title='bbox 580 3830 818 3943; x_wconf 86' lang='grc' dir='ltr'><em>ἀγνωστότερον</em></span> <span class='ocrx_word' id='word_1_371' title='bbox 840 3834 942 3900; x_wconf 69' lang='grc' dir='ltr'><em>ἔσται.</em></span> <span class='ocrx_word' id='word_1_372' title='bbox 985 3835 1050 3903; x_wconf 87' lang='grc' dir='ltr'><em>Διδ</em></span> <span class='ocrx_word' id='word_1_373' title='bbox 1071 3842 1178 3927; x_wconf 87' lang='grc' dir='ltr'><em>μηδέ</em></span> <span class='ocrx_word' id='word_1_374' title='bbox 1174 3864 1239 3906; x_wconf 90' lang='grc' dir='ltr'><em>που</em></span> <span class='ocrx_word' id='word_1_375' title='bbox 1260 3832 1333 3906; x_wconf 66' lang='grc' dir='ltr'><em>εἶναι</em></span> 
     </span>
     <span class='ocr_line' id='line_1_41' title="bbox 231 3916 1333 4035; baseline 0.013 -54"><span class='ocrx_word' id='word_1_376' title='bbox 231 3917 267 3982; x_wconf 83' lang='grc' dir='ltr'><em>τὸ</em></span> <span class='ocrx_word' id='word_1_377' title='bbox 289 3918 331 3998; x_wconf 88' lang='lat'><em>66</em></span> <span class='ocrx_word' id='word_1_378' title='bbox 354 3916 588 4022; x_wconf 89' lang='grc' dir='ltr'><em>γινωσκόμενον</em></span> <span class='ocrx_word' id='word_1_379' title='bbox 610 3917 817 4031; x_wconf 75' lang='grc' dir='ltr'><em>εάσεβοῧντας</em></span> <span class='ocrx_word' id='word_1_380' title='bbox 838 3917 951 3998; x_wconf 80' lang='grc' dir='ltr'><em>αάτοδς</em></span> <span class='ocrx_word' id='word_1_381' title='bbox 960 3921 1090 4035; x_wconf 88' lang='grc' dir='ltr'><em>ἀνάγκη</em></span> <span class='ocrx_word' id='word_1_382' title='bbox 1112 3923 1251 4032; x_wconf 81' lang='grc' dir='ltr'><em>πάντας</em></span> <span class='ocrx_word' id='word_1_383' title='bbox 1261 3920 1333 4011; x_wconf 79' lang='grc' dir='ltr'><em>όμν·</em></span> 
     </span>
     <span class='ocr_line' id='line_1_42' title="bbox 231 3999 1334 4122; baseline 0.011 -55"><span class='ocrx_word' id='word_1_384' title='bbox 231 4009 347 4084; x_wconf 84' lang='grc' dir='ltr'><em>λογεῖν.</em></span> <span class='ocrx_word' id='word_1_385' title='bbox 391 4002 456 4068; x_wconf 80' lang='grc' dir='ltr'><em>Διά</em></span> <span class='ocrx_word' id='word_1_386' title='bbox 479 4003 608 4088; x_wconf 75' lang='grc' dir='ltr'><em>ταύτην,</em></span> <span class='ocrx_word' id='word_1_387' title='bbox 637 4000 679 4082; x_wconf 79' lang='grc' dir='ltr'><em>ὥς</em></span> <span class='ocrx_word' id='word_1_388' title='bbox 696 3999 805 4116; x_wconf 75' lang='grc' dir='ltr'><em>οἶμαι,</em></span> <span class='ocrx_word' id='word_1_389' title='bbox 827 4006 881 4087; x_wconf 78' lang='grc' dir='ltr'><em>την</em></span> <span class='ocrx_word' id='word_1_390' title='bbox 899 4008 1007 4075; x_wconf 81' lang='grc' dir='ltr'><em>αἰτίαν</em></span> <span class='ocrx_word' id='word_1_391' title='bbox 978 4011 1334 4122; x_wconf 58' lang='grc' dir='ltr'><em>σψεριφερόμεκος</em></span> 
     </span>
     <span class='ocr_line' id='line_1_43' title="bbox 231 4060 1368 4210; baseline 0.01 -58"><span class='ocrx_word' id='word_1_392' title='bbox 231 4092 290 4172; x_wconf 77' lang='grc' dir='ltr'><em>μὲν</em></span> <span class='ocrx_word' id='word_1_393' title='bbox 319 4098 384 4165; x_wconf 82' lang='grc' dir='ltr'><em>τοῖς</em></span> <span class='ocrx_word' id='word_1_394' title='bbox 411 4098 485 4173; x_wconf 76' lang='grc' dir='ltr'><em>περὶ</em></span> <span class='ocrx_word' id='word_1_395' title='bbox 508 4089 672 4202; x_wconf 82' lang='grc' dir='ltr'><em>Εάνόμιον</em></span> <span class='ocrx_word' id='word_1_396' title='bbox 698 4089 862 4178; x_wconf 80' lang='grc' dir='ltr'><em>ἀμφέβαλε</em></span> <span class='ocrx_word' id='word_1_397' title='bbox 890 4092 945 4174; x_wconf 78' lang='grc' dir='ltr'><em>την</em></span> <span class='ocrx_word' id='word_1_398' title='bbox 971 4090 1188 4210; x_wconf 60' lang='grc' dir='ltr'><em>ἀντιστροφητ</em></span> <span class='ocrx_word' id='word_1_399' title='bbox 1210 4124 1229 4165; x_wconf 97' lang='grc' dir='ltr'><em>ο</em></span> <span class='ocrx_word' id='word_1_400' title='bbox 1252 4094 1334 4166; x_wconf 83' lang='grc' dir='ltr'><em>διδό·</em></span> <span class='ocrx_word' id='word_1_401' title='bbox 1366 4060 1368 4153; x_wconf 78' lang='grc' dir='ltr'><em>λ</em></span> 
     </span>
     <span class='ocr_line' id='line_1_44' title="bbox 232 4174 1334 4271; baseline 0.013 -31"><span class='ocrx_word' id='word_1_402' title='bbox 232 4180 364 4252; x_wconf 88' lang='grc' dir='ltr'><em>σκαλος,</em></span> <span class='ocrx_word' id='word_1_403' title='bbox 389 4175 425 4242; x_wconf 86' lang='grc' dir='ltr'><em>τδ</em></span> <span class='ocrx_word' id='word_1_404' title='bbox 450 4177 594 4263; x_wconf 82' lang='grc' dir='ltr'><em>Τυχδν</em></span> <span class='ocrx_word' id='word_1_405' title='bbox 580 4174 738 4268; x_wconf 90' lang='grc' dir='ltr'><em>επίρρημα</em></span> <span class='ocrx_word' id='word_1_406' title='bbox 756 4183 906 4264; x_wconf 86' lang='grc' dir='ltr'><em>θέμενος,</em></span> <span class='ocrx_word' id='word_1_407' title='bbox 928 4178 1019 4248; x_wconf 70' lang='grc' dir='ltr'><em>καίε</em></span> <span class='ocrx_word' id='word_1_408' title='bbox 1003 4193 1077 4267; x_wconf 86' lang='grc' dir='ltr'><em>ημίν</em></span> <span class='ocrx_word' id='word_1_409' title='bbox 1096 4182 1334 4271; x_wconf 68' lang='grc' dir='ltr'><em>καταλιμπάνω</em></span> 
     </span>
    </p>
   </div>
   <div class='ocr_carea' id='block_1_8' title="bbox 236 4290 511 4306">
    <p class='ocr_par' dir='ltr' id='par_1_10' title="bbox 236 4290 511 4306">
     <span class='ocr_line' id='line_1_45' title="bbox 236 4290 511 4306; baseline 0.004 -5"><span class='ocrx_word' id='word_1_410' title='bbox 236 4290 511 4306; x_wconf 45' lang='grc' dir='ltr'><em>*ᾑ-</em></span> 
     </span>
    </p>
   </div>
   <div class='ocr_carea' id='block_1_9' title="bbox 304 4343 1331 4423">
    <p class='ocr_par' dir='ltr' id='par_1_11' title="bbox 304 4343 1331 4423">
     <span class='ocr_line' id='line_1_46' title="bbox 304 4343 1331 4423; baseline 0.015 -29"><span class='ocrx_word' id='word_1_411' title='bbox 304 4344 325 4393; x_wconf 88' lang='lat'><em>1.</em></span> <span class='ocrx_word' id='word_1_412' title='bbox 344 4343 440 4396; x_wconf 77' lang='lat' dir='ltr'>Eadem</span> <span class='ocrx_word' id='word_1_413' title='bbox 459 4360 552 4398; x_wconf 71' lang='lat' dir='ltr'><strong>manua</strong></span> <span class='ocrx_word' id='word_1_414' title='bbox 569 4347 596 4398; x_wconf 87' lang='lat' dir='ltr'><em>in</em></span> <span class='ocrx_word' id='word_1_415' title='bbox 615 4346 673 4399; x_wconf 84' lang='grc' dir='ltr'><em>οοδ.</em></span> <span class='ocrx_word' id='word_1_416' title='bbox 691 4345 757 4402; x_wconf 76' lang='lat' dir='ltr'><strong>Gud,</strong></span> <span class='ocrx_word' id='word_1_417' title='bbox 771 4360 853 4415; x_wconf 75' lang='lat' dir='ltr'><strong>marg.</strong></span> <span class='ocrx_word' id='word_1_418' title='bbox 867 4350 944 4402; x_wconf 84' lang='lat' dir='ltr'>rubro</span> <span class='ocrx_word' id='word_1_419' title='bbox 963 4349 1103 4417; x_wconf 72' lang='lat' dir='ltr'>adscripsit</span> <span class='ocrx_word' id='word_1_420' title='bbox 1121 4350 1331 4423; x_wconf 63' lang='lat' dir='ltr'><em>omarum·</em></span> 
     </span>
    </p>
   </div>
   <div class='ocr_carea' id='block_1_10' title="bbox 0 0 1388 4778">
    <p class='ocr_par' dir='ltr' id='par_1_12' title="bbox 0 0 1388 4778">
     <span class='ocr_line' id='line_1_47' title="bbox 0 0 1388 4778; baseline 0 0"><span class='ocrx_word' id='word_1_421' title='bbox 0 0 1388 4778; x_wconf 95' lang='lat' dir='ltr'><em> </em></span> 
     </span>
    </p>
   </div>
  </div>
 </body>
</html>
