2768 4784
1080 160 1126 235 25

40 363 60 417 rt
81 369 147 414 vere
175 351 305 423 dictam,
336 352 383 415 nel
411 354 445 410 ut
474 354 594 429 proprie
616 351 738 426 loquar,
766 353 833 429 ipse
862 356 930 414 sine
962 355 1127 414 mutatione

40 441 184 518 idipsum
206 456 239 499 re
268 441 337 516 ipsa
364 438 463 499 lactus
485 444 533 499 est
555 437 636 513 quod
661 443 768 499 natura
790 445 856 502 erat
877 440 1042 517 pronubis
1065 439 1129 500 dis·

40 527 247 606 pausationem,
278 541 340 586 non
369 519 472 586 tameh
502 526 531 584 in
562 524 792 601 phantasmate,
823 527 1005 603 adimplevit.
1059 525 1126 587 Non

40 616 109 694 igitur
135 613 270 674 abolevit
298 613 524 690 operationem,
556 626 636 686 quaa
665 617 730 673 erat
760 614 954 675 constitutiva
976 612 1054 672 ratio
1076 629 1128 674 as·

41 707 158 779 rauptae
171 700 343 775 essentiae,
367 697 622 775 quemadmodum
637 714 694 760 nec
710 699 808 774 ipsam
823 701 1005 762 sententiam
1022 704 1129 761 sustu·

40 787 63 849 tr
81 787 225 865 magister
255 801 324 846 cum
354 785 483 856 diceret,
528 783 646 864 ,Super
674 786 876 847 substantiam
904 787 1128 847 substantiatus

40 879 84 948 ert,
105 879 135 934 et
155 889 252 949 supra
273 871 477 933 conditionem
500 870 632 933 hominis
654 888 692 932 ea
715 887 792 947 quae
814 873 946 934 hominis
967 877 1038 933 sunt
1055 889 1129 950 ope·

40 961 169 1036 uhotnr‘,
194 959 250 1020 sed
273 961 422 1034 utrinque
438 958 571 1019 ostendit
593 959 746 1033 quandam
770 959 929 1022 modorum
952 960 1126 1036 novitatem,

40 1048 111 1108 ulvis
138 1046 248 1107 iisdem
276 1046 445 1107 rationibus
474 1045 683 1118 naturalibus,
717 1047 828 1120 quihus
851 1046 960 1107 ablatis
983 1045 1058 1106 nihil
1080 1052 1128 1107 est

39 1133 150 1210 idqnod
172 1149 246 1194 esse
268 1138 373 1193 natum
396 1137 470 1192 erat.
515 1130 547 1191 Si
565 1148 638 1192 vero
657 1132 823 1193 dixerimus
844 1132 925 1208 quod
946 1135 1128 1208 assumptae

40 1221 208 1281 obstantiae
238 1220 418 1296 positionem
449 1220 582 1293 itemque
611 1219 793 1295 operationis
823 1235 891 1280 earn
915 1219 1128 1280 constituentis

40 1302 199 1368 ribtiouem
223 1307 377 1367 contineat
399 1307 429 1365 iu
454 1321 488 1365 se
511 1306 743 1381 supereminens
766 1307 904 1384 negatio,
928 1321 987 1381 qua
1003 1305 1127 1366 tandem

39 1396 134 1455 atione
155 1393 306 1462 eandem,
328 1392 447 1466 utrique
470 1391 638 1466 aequaliter
661 1392 851 1463 attributam,
875 1392 963 1452 istius
987 1396 1127 1468 respectu

40 1481 229 1556 existentiam,
264 1479 355 1540 huius
385 1494 457 1539 vero
487 1479 690 1538 sublationem
721 1478 883 1556 designare
898 1477 1128 1539 ostendemus?

40 1562 61 1625 Si
83 1582 201 1641 rursus,
239 1565 421 1642 quaudoque
450 1581 510 1624 non
542 1571 589 1624 est
616 1582 669 1642 per
693 1582 727 1624 se
750 1564 868 1626 mobilis
891 1570 1049 1641 assumpta
1071 1579 1128 1626 na·

39 1658 102 1727 turn,
135 1652 191 1713 sed
221 1659 360 1712 movetur
388 1668 407 1711 a
435 1650 547 1711 deitate
578 1652 634 1712 sibi
658 1668 711 1727 per
734 1652 913 1730 hypostasin
937 1667 1007 1712 vere
1028 1651 1126 1726 unita,

40 1744 133 1800 notum
155 1740 206 1815 qui
229 1752 298 1800 eam
322 1739 479 1799 constituit
501 1738 681 1808 auferimus,
716 1754 773 1800 nec
795 1741 893 1816 ipsam
916 1738 1128 1810 substantiam,

36 1827 87 1887 'rive
111 1827 294 1897 essentiam,
326 1826 628 1895 conservaverimus,
658 1832 691 1885 ut
723 1841 802 1901 qnae
824 1842 885 1887 non
907 1824 996 1886 luerit
1015 1839 1071 1901 per
1092 1840 1128 1884 se

39 1913 208 1984 subsistens,
241 1913 298 1973 sed
327 1914 359 1971 in
388 1912 481 1971 verbo
510 1912 568 1973 deo
595 1927 667 1971 vere
696 1913 723 1971 ei
751 1912 1014 1974 consubstantiato
1037 1927 1126 1972 snum

39 2014 93 2060 aare
117 2001 268 2074 obtineat,
298 2000 368 2075 quia
396 2008 452 2074 p'ar
483 2002 530 2058 est
559 2000 701 2074 utrinque
730 1999 805 2060 ratio
834 1998 874 2059 ad
902 1997 1127 2074 postulandum,

39 2086 109 2146 dnm
126 2093 242 2149 motum
263 2102 332 2147 cum
352 2092 463 2146 natura
486 2085 701 2159 conliteamur,
724 2087 791 2145 sine
814 2100 874 2161 qua
895 2101 934 2144 ne
956 2089 1038 2144 stare
1061 2084 1128 2158 arri-

37 2170 89 2232 dem
109 2176 214 2250 polest
234 2178 359 2245 natura,
382 2171 454 2233 illud
477 2176 633 2247 tenentes,
658 2171 740 2246 quod
763 2172 823 2232 alia
845 2172 885 2231 sit
907 2163 1127 2231 essendi'sim·

36 2257 152 2334 pliciter,
184 2259 247 2320 alia
269 2262 370 2321 autem
394 2258 453 2319 boc
476 2258 565 2320 modo
589 2257 710 2320 essendi
732 2259 824 2333 ratio,
856 2273 981 2333 quarum
1003 2255 1045 2315 illi
1068 2271 1127 2316 na·

37 2349 103 2420 hm,
132 2345 206 2406 huic
233 2346 423 2422 dispensatio
451 2345 595 2407 innititur.
647 2343 761 2405 Harum
790 2359 959 2405 oonsursus
982 2354 1126 2421 magnum

35 2429 92 2492 titud
118 2432 189 2495 lesu
219 2430 459 2510 supernaturalis
482 2430 693 2509 physiologiae
716 2431 892 2508 mysterium
914 2429 1073 2507 perficiens
1094 2430 1125 2488 in

35 2533 64 2577 oo
81 2519 211 2581 ostendit
232 2519 406 2580 conservari
429 2518 639 2600 operationum
662 2518 885 2578 distinctionem
904 2517 993 2578 simul
1012 2521 1042 2576 et
1059 2516 1127 2576 uni-

35 2604 150 2677 tionem,
185 2606 259 2666 dum
293 2605 374 2666 haec
408 2605 541 2665 cernitur
576 2603 728 2666 indivisim
756 2604 785 2664 in
819 2604 946 2666 naturali
974 2602 1126 2665 unitonun
1216 2657 1220 2665 .

34 2693 152 2762 alione,
186 2691 239 2752 illa
263 2705 334 2751 vero
357 2690 540 2751 inconfusim
563 2691 751 2768 dignoscitur
772 2692 802 2750 in
826 2691 953 2768 simplici
974 2683 1128 2767 operatio·

34 2791 90 2836 ann
112 2777 217 2839 modo.
262 2778 347 2851 Quae
369 2778 448 2836 enim
466 2782 528 2838 aut
549 2777 664 2853 qualis,
693 2778 745 2837 ubi
767 2782 821 2838 aut
843 2777 995 2854 quomodo
1018 2782 1127 2839 natrara

34 2863 77 2923 erit
95 2865 292 2925 constitutiva
313 2865 432 2941 privato
454 2863 612 2941 potentini
662 2863 737 2924 Nam
761 2863 842 2938 quod
866 2866 990 2925 omnino
1012 2864 1127 2925 nullam

33 2946 109 3010 habet
129 2951 314 3027 potentiam,
337 2965 438 3025 neque
460 2953 559 3028 ipsum
584 2958 645 3026 est,
677 2965 776 3025 neque
798 2951 894 3027 ipsius
917 2950 980 3012 ulla
1002 2951 1126 3012 omuino

31 3042 70 3096 est
95 3039 222 3113 positio,
260 3042 294 3098 ut
320 3038 362 3098 ait
388 3036 457 3097 alibi
480 3053 612 3116 magnus
635 3035 685 3098 hic
707 3037 861 3116 magister.
915 3035 978 3098 lam
1001 3038 1027 3096 si
1049 3037 1127 3098 haec

31 3121 100 3183 nullo
129 3123 222 3186 modo
251 3123 313 3183 lieri
340 3125 475 3200 possint,
514 3127 632 3200 oportet
661 3125 710 3200 pie
738 3124 872 3186 confiteri
901 3139 969 3184 cum
998 3127 1126 3183 naturas

30 3206 142 3282 Christi,
166 3226 297 3286 quarum
316 3210 381 3285 ipse
399 3211 438 3270 sit
458 3210 652 3288 hypostasis,
676 3215 740 3271 tum
763 3211 853 3271 etiam
876 3209 1030 3271 naturales
1053 3223 1126 3286 ope-

31 3296 166 3370 rationes,
198 3312 326 3372 quarum
355 3311 427 3356 vera
456 3297 523 3372 ipse
551 3302 598 3357 est
626 3297 737 3370 unitio,
767 3295 937 3358 secundum
964 3301 1126 3371 utramque

30 3389 174 3456 mimam,
206 3385 232 3443 si
256 3399 359 3444 verum
382 3381 455 3444 illud
479 3384 518 3443 sit
541 3381 619 3457 quod
644 3384 699 3443 sibi
722 3383 780 3458 ipsi
802 3389 1021 3460 congruenter,
1052 3383 1126 3442 sirn-

30 3467 131 3543 pliciter
159 3475 190 3530 et
212 3469 402 3531 uniformiter
423 3471 619 3545 operabatur,
654 3483 767 3547 perque
790 3471 891 3531 omnia
915 3470 1005 3530 simul
1028 3473 1058 3529 et
1079 3469 1125 3528 in-

29 3556 225 3631 reparabiliter
255 3555 473 3622 demonstravit
495 3572 649 3616 unacum
671 3557 773 3618 divina
795 3557 906 3636 virtute
927 3571 1002 3617 suae
1024 3556 1124 3617 carnis

28 3645 233 3716 operationem.
291 3643 345 3716 Qui
369 3643 448 3702 enim
474 3659 543 3704 vere
566 3643 659 3721 deus,
692 3649 722 3704 et
744 3660 817 3704 vere
842 3644 936 3704 homo
959 3657 1030 3702 esse
1051 3658 1125 3717 pos·

10 3735 80 3803 set,
113 3731 139 3790 si
170 3735 289 3790 careret
317 3746 354 3789 eo
384 3728 463 3806 quod
495 3735 657 3805 utramque
687 3735 829 3792 naturam
853 3745 925 3789 vere
946 3725 1124 3791 constituit?

27 3811 106 3875 Porro
129 3816 219 3892 quid,
251 3829 385 3891 quaeso,
415 3822 468 3877 aut
490 3817 557 3891 quis
580 3832 651 3876 esse
674 3818 911 3892 existimabitur,
947 3817 972 3875 si
996 3831 1049 3892 per
1070 3831 1125 3876 aa·

25 3902 127 3964 tumles
156 3904 351 3978 operationes
381 3919 455 3964 suas
485 3918 544 3962 non
574 3903 666 3963 iaciat
687 3903 777 3965 iidem
801 3902 917 3965 nullam
940 3918 975 3963 se
998 3917 1124 3964 conver-

23 4133 58 4188 tt.
76 4133 251 4204 ὅπερουσίαν
268 4136 325 4185 cod.
343 4135 410 4188 tiad.
465 4136 507 4189 33.
526 4132 641 4204 tvetpyst
660 4139 701 4190 ed.
717 4139 773 4189 Gal.
828 4136 870 4190 34.
886 4137 911 4188 ri
930 4133 992 4189 καθ’
1010 4140 1050 4189 ad.
1068 4141 1123 4191 tial.

21 4203 56 4257 ³5.
73 4204 120 4257 arri
138 4202 289 4275 κινουμένῃ
315 4205 356 4255 ed.
376 4205 432 4256 dat.
495 4205 537 4258 36.
557 4203 772 4275 ὄμολογὴσαμεν
796 4207 838 4258 ed.
856 4209 911 4259 lini.
974 4209 1017 4262 37.
1037 4203 1053 4271 ἢ
1072 4223 1122 4262 om.

20 4275 55 4327 ed
73 4277 127 4328 Gal.
193 4276 235 4328 38.
257 4269 321 4326 odas
344 4270 419 4324 tortu
442 4275 607 4326 desideratur
634 4278 658 4327 in
680 4278 720 4328 od.
740 4275 795 4329 Gal.
854 4277 896 4332 39.
916 4271 972 4330 οὔτ’
991 4274 1030 4328 ἔτι
1047 4272 1125 4329 ἐστιν

10 4344 53 4394 ted.
75 4346 130 4399 aar.
186 4346 230 4397 40.
252 4337 419 4402 taruennae
436 4343 478 4397 ed.
499 4343 554 4396 nai.
