2768 4784
250 116 321 192 372

85 345 136 384 ιι..
152 345 205 385 om
221 345 241 381 ι.
253 309 329 376 Τοῦ
361 301 497 394 αὐτοῦ,
530 301 569 371 ἐκ
591 305 659 371 τοῦ
683 301 734 380 είς
754 295 823 389 τὴν
847 295 993 392 Καινήν
1016 293 1213 422 Κυριακὴν
1235 287 1269 368 66

85 397 159 435 Noun
173 396 241 434 Doni·

86 440 241 495 mmm„
301 408 349 487 είς
377 400 438 489 τὸ,
469 398 764 526 Ἐγκαινίζεται
765 393 856 472 δι’
837 427 859 493 η
890 397 1006 496 σκηνὴ
1036 405 1107 474 τοῦ
1138 422 1273 493 μαρευρ

85 493 240 639 Ξ),ῗ“.ἰῗῖἳ“;
299 502 363 580 καὶ
386 501 471 578 λίαν
493 501 755 588 πολυτελῶς,
744 499 790 596 ῆν
814 497 903 584 θεὸς
922 498 1134 597 παρέδειξε,
1163 497 1276 574 καῖΕ

300 604 382 702 λεὴλ
403 604 603 699 ἐτελείωσε,
630 603 689 678 καὶ
713 607 884 697 Μωϋσῆς
908 602 1077 699 ἐπήξατο.

353 719 610 829 Πολίτροπον’
597 719 673 786 όντα
696 715 751 783 τόν
773 715 851 782 κατὰ
877 716 930 797 τῆν
952 715 1068 797 σκηνῆν
1090 713 1282 825 οἷναγριγικόν

248 813 388 893 θεωρίας
416 807 555 918 λόγρν
542 814 594 872 επὶ
624 809 680 872 τοό
693 802 869 913 παρόντος
897 829 939 909 φς
967 804 1086 912 ε’λαβεν
1110 799 1211 868 αίτόν
1233 829 1248 868 ο
1238 798 1288 867 6.

248 899 367 970 σκαλος
395 901 448 959 καὶ
459 892 565 1002 ῆμείς
592 889 808 997 θεωρήσωμεν
830 886 935 954 αότόν.
973 887 1088 969 Σκηνῆ
1113 892 1284 994 τοιγαροῦν

246 985 440 1084 μαρτυρίου
453 974 470 1058 6
499 976 716 1087 μυστηριιόιλης
740 975 826 1042 ἐστὶν
850 975 1022 1085 οἰκονομία
1047 979 1101 1054 τῆς
1124 980 1185 1040 τοῆ
1208 976 1284 1040 θεοί

247 1091 305 1176 γορ
332 1065 569 1172 σαρκοίσεως,
572 1061 609 1142 ῆν
640 1059 657 1128 6
687 1061 767 1139 θεός
787 1067 841 1127 καὶ
863 1060 965 1145 πατὴρ
988 1057 1168 1142 είόοκῆσας
1189 1062 1298 1144 πορέίε

248 1158 302 1218 καὶ
331 1151 366 1217 τό
390 1155 512 1236 πνεῆμα
535 1148 572 1215 τὸ
595 1149 689 1232 ἅγιον
710 1145 762 1214 διό
787 1151 843 1213 τοῆ
866 1151 973 1256 σοφοῦ
993 1146 1160 1227 Βεσελεῆλ
1183 1170 1300 1254 προτυπ

246 1263 343 1322 μενον
373 1240 567 1349 σρνεργῆσαν
595 1237 774 1316 ἐτελείωσε,
809 1242 863 1300 καὶ
892 1229 909 1298 6
936 1231 1053 1338 γοητός
1083 1227 1276 1313 Μωυσῆς
1260 1258 1304 1298 ο

248 1328 329 1388 θεοῦ
351 1329 405 1390 καὶ
425 1321 548 1431 πατρὸς
564 1319 753 1428 μονογενῆς
758 1319 827 1397 υίὸς
846 1315 1058 1430 αίτοόργησε,
1080 1315 1139 1400 τῆν
1159 1316 1306 1406 ἄνθρωπε

248 1408 344 1494 φύσιν
364 1408 432 1475 ἐν(
420 1413 520 1496 εαυτῷ
541 1405 753 1491 πηξάμενος(
740 1405 850 1473 ενοίσει
873 1433 908 1495 τη
894 1400 1045 1470 ‘’‘666
1028 1404 1226 1473 υπόστασιν.

240 1555 341 1624 ’Άλλο
364 1546 470 1629 είς
431 1574 474 1620 το
501 1544 594 1619 αὐτὸ
618 1544 812 1643 θεώρημα.

352 1659 488 1739 11666‘
468 1685 517 1724 οτι
541 1665 594 1723 καὶ
617 1661 670 1738 τῆς
693 1657 766 1766 ὅλης
788 1663 918 1732 κτίσεως
941 1660 1050 1734 νοητῆς
1073 1681 1105 1720 τε
1129 1663 1188 1722 καὶ
1211 1657 1316 1735 αίσθηι

246 1746 383 1814 ἐστιν’
354 1742 447 1811 εικών
470 1740 485 1824 6
509 1743 621 1856 σκηνῆ,
656 1739 691 1823 ῆν
715 1738 732 1807 6
757 1742 835 1820 θεὸς
855 1748 909 1808 καὶ
932 1740 1035 1827 πατὴρ
1059 1732 1115 1806 οἷα
1140 1748 1219 1819 νοῦς
1242 1741 1318 1807 ἐνενό

247 1857 302 1914 σε,
330 1837 382 1898 καὶ
412 1827 430 1896 6
461 1828 529 1906 υίὸς
558 1824 612 1896 οἷα
640 1827 748 1938 λόγος
765 1827 1009 1940 ἐδημιούργησε,
1039 1832 1094 1893 καὶ
1117 1826 1157 1892 τό
1182 1833 1303 1935 πνεῦμα

245 1920 338 2002 όίγιον
371 1921 540 1985 ἐτελείωσε
609 1918 674 1980 Καὶ
707 1907 804 1993 αὖθις
834 1919 886 1995 τῆς
915 1910 1071 1995 αἰσθητῆς
1098 1913 1203 2026 μόνης
1232 1912 1323 2020 φόσει

246 2011 299 2071 καὶ
325 2003 428 2088 μόνου
457 2009 514 2068 τοῦ
542 2000 721 2102 οἷνθροίπου
749 2029 804 2068 του
791 2001 861 2067 ’ἐκ
883 2003 984 2105 φυχῆς
1008 1996 1102 2075 ὄντος
1122 2005 1182 2066 καί
1208 1999 1326 2084 σώματε

246 2096 300 2156 καὶ
304 2089 425 2201 μόγης
453 2080 494 2153 66
522 2084 574 2168 τῆς
586 2090 716 2198 ψυχῆς
721 2083 832 2153 καθ’“
819 2083 930 2166 εαυτῆν
954 2085 1105 2173 τῷλόγῳ
1128 2089 1328 2196 θεωρορμένη

247 2177 333 2241 ἐστίν
353 2174 446 2241 είκόιν
467 2171 483 2254 6
503 2173 614 2254 σκηνῆ,
638 2174 716 2239 κατὰ
743 2171 798 2239 τόν
814 2171 937 2258 ἑκιίστῳ
955 2175 1117 2256 πρέποντα
1137 2170 1258 2255 666666
1278 2176 1330 2237 θει

247 2265 381 2348 ροομένη
405 2260 512 2343 λόγον.

81 2432 203 2479 τουτου
206 2395 300 2484 ,Ἐκ
320 2401 388 2468 τοῦ
412 2392 529 2467 αὐτοῦ
551 2386 683 2518 λόγου,
710 2387 818 2472 είς
780 2418 841 2482 το,
865 2387 1130 2518 Ἐγκαινίζεται
1150 2390 1194 2466 66
1213 2392 1334 2489 ἡβαοι

79 2480 236 2586 663⁸}ss
297 2495 374 2569 λεία
410 2493 554 2591 Δαβὶό,
596 2492 659 2566 καὶ
691 2492 761 2588 οὐχ
795 2489 912 2579 ἅπαξ,
951 2490 1043 2566 6666
1073 2521 1296 2589 χριομενου
1314 2525 1340 2567 τι

81 2586 153 2629 ”⁶6³²
296 2595 494 2692 πρότερον,
522 2594 583 2669 καί
610 2595 952 2735 όιναγορευοιιενου
960 2625 1001 2669 το
990 2593 1218 2694 δεύτερον

344 2710 485 2816 Ὁμοίως
513 2719 565 2778 καὶ
594 2712 649 2777 τόν
670 2718 769 2821 μέγαγ
792 2711 952 2822 6666
919 2738 973 2777 τον
996 2712 1165 2821 προφήτην
1189 2722 1245 2780 καὶ
1266 2723 1346 2799 βασι

243 2802 361 2906 λεά,
352 2795 593 2908 πολόσεμνον’
582 2797 696 2881 ε’,γοντα
728 2798 781 2865 τόν
810 2796 858 2864 ἐπ’
881 2795 966 2885 αίτῷ
988 2802 1041 2878 τῆς
1063 2795 1232 2908 ἀναγωγῆς
1254 2801 1350 2909 λόγον,

243 2881 361 2949 καθ“
341 2910 378 2949 ον
401 2883 453 2948 ἐπὶ
477 2889 533 2948 τοῦ
554 2884 713 2972 παρόντος
731 2884 826 2950 αότόν
847 2912 864 2949 ο
854 2863 1078 2960 ‘6166626609
1094 2884 1282 2996 ἐθεώρησε,
1304 2893 1349 2952 καί

244 2966 332 3052 ῆμεῖς
347 2969 579 3077 ἐκίεξιόμεθα.
638 2976 746 3054 Δαβὶό
777 2979 881 3037 τοίνυν
916 2971 982 3037 ἐστὶ
1013 2970 1125 3050 νοητός
1154 2969 1171 3036 6
1205 2971 1352 3052 οἷληθινός

242 3055 390 3139 βασιλεὺς
425 3062 481 3123 τοῦ
511 3055 638 3141 ’Ῑσραῆλ
675 3064 728 3122 καὶ
764 3053 904 3144 ὁρῶντος
938 3057 1018 3122 θεόι
1048 3056 1170 3135 Ἰησοῦς
1204 3060 1352 3168 Χριστός,

243 3142 321 3208 κατὰ
350 3150 408 3245 μὲι
437 3143 490 3222 τῆν
519 3145 644 3248 πρώτην
674 3139 773 3208 αὖτοῆ
800 3150 981 3226 παρουσίαν
1011 3148 1047 3232 τῆ
1069 3144 1200 3252 ἐπινοίᾳ
1224 3151 1278 3226 τῆς
1302 3142 1353 3209 όν-

243 3228 452 3338 θρφπότητος
478 3229 666 3337 γριόμενρς,
695 3229 797 3313 οίςπερ
827 3227 968 3334 ἄλλαχοῦ
990 3255 1086 3337 φηοιι
1109 3226 1127 3294 6
1152 3209 1353 3340 δι’όοίσκαλος,

79 3348 133 3395 ⁰160
146 3348 183 3385 γ
186 3347 234 3386 ο,
241 3321 357 3400 χρίσας
386 3313 440 3393 τῆι
470 3314 705 3422 υνθρωπότητα
734 3325 769 3406 τῆ
798 3315 943 3392 θεότητι,
975 3321 1027 3380 καὶ
1050 3314 1192 3394 ποιῆσας
1216 3317 1295 3399 ὅπερ
1320 3317 1352 3380 τό

78 3358 192 3499 {3⁶:⁰¹6}
206 3398 374 3508 ξ’γρίσαν·
402 3428 480 3466 κατα
472 3400 535 3466 δὲ
557 3399 610 3480 τῆν
634 3385 780 3487 δευτέραν
804 3399 903 3466 αίτοό
925 3408 977 3466 καὶ
1001 3402 1168 3476 ὲΜνόοξον
1155 3403 1351 3513 επιφοὶνειαι,

79 3497 150 3547 6⁵⁴¹
163 3508 208 3540 ιιι-υ
217 3479 234 3541 1·'
227 3483 283 3562 ὥς
310 3486 388 3562 θεός
417 3493 470 3552 καὶ
496 3486 604 3571 κόριος
628 3492 681 3551 καὶ
704 3488 807 3568 πόσης
829 3495 960 3562 κτίσεως
980 3484 1145 3569 βασιλεὺς,
1175 3496 1232 3553 καὶ
1256 3485 1350 3572 6666-

78 3552 209 3640 6²6*
137 3553 221 3592 ’Μ’
240 3599 305 3657 χων
327 3580 380 3638 καὶ
403 3570 683 3657 ἀναγορευόμενος.

241 3711 358 3794 Είς
320 3740 386 3786 τον
409 3712 576 3807 παρόντα
597 3712 708 3810 λόγον
729 3738 823 3791 τινες
846 3708 1027 3805 ἀποροῦσι
1050 3709 1279 3841 φάσκοντες,
1309 3712 1348 3784 1
1336 3744 1347 3783 ι

290 3810 425 3909 δήποτε
457 3810 578 3909 φήσας
610 3843 629 3885 ο
617 3809 877 3893 διδάσκαλος
901 3810 1205 3907 ὑπερβαίνειν
1165 3844 1236 3910 την
1262 3819 1348 3890 ἀνα-

291 3914 470 4010 στοίσιμον
492 3913 634 4009 ἡαεραν
657 3912 777 3997 πάσας
799 3913 864 3996 τὰς
884 3913 940 3987 ἐπὶ
960 3922 1028 4013 γῆς
1045 3915 1194 4011 ἑορτὰς,
1226 3920 1271 3993 οὐ
1288 3919 1349 3999 τὰς

291 4016 535 4112 ἀνθρωπικὰς
555 4013 674 4107 μόνον
700 4018 759 4091 καί
782 4016 900 4110 χαμαὶ
927 4017 1147 4112 ἐρχομ-ίνας,
1179 4019 1254 4094 ἀλλ’
1282 4021 1346 4116 666

289 4117 350 4186 καὶ
376 4119 441 4202 τοὶς
466 4120 671 4192 αὐτοῦτοῦ
694 4125 860 4214 Χριστος)
884 4117 946 4192 καὶ
969 4120 1018 4192 ἐπ’
1048 4119 1152 4216 αὐτῷ
1176 4125 1346 4219 τελουμέ-

287 4242 372 4301 νας,
399 4220 514 4315 ὥςπερ
534 4221 800 4312 ἐπιλαθόμενος
817 4229 878 4316 τῆς
896 4219 993 4309 ἰδίας
1010 4221 1257 4320 ἀποφάσεως,
1282 4227 1345 4322 τῆν
