2768 4784
229 208 302 285 140

226 394 369 505 γνῶσεως
397 391 619 478 προςάγονσάν
648 419 680 459 τε
710 399 764 459 καλ
793 392 1017 459 συνάπτουσαν
1040 390 1102 458 666
1125 391 1249 504 σαρκός
1267 384 1343 477 pff

227 479 337 547 ὁτιοῦν
357 483 588 588 βαρουμένους,
618 479 726 545 ιλιυλ
693 507 748 560 την
769 485 826 545 τοῦ
849 505 907 544 κατ
937 476 1032 559 αῦτῆν
1053 477 1156 565 νόμου
1174 475 1343 573 666666

228 566 246 647 6
271 566 408 672 έπάρσει
436 561 511 631 καθ’
541 561 691 630 6rco6v³
677 573 731 631 επὶ
759 576 827 641 τοῖς
854 567 1100 651 κατορθώμασι
1114 546 1341 672 φλεγομένλτθὲ

228 651 279 720 διά
311 649 366 731 τῆν
388 654 582 735 συνημμένην
604 663 673 728 ταῖς
695 650 792 729 ὄντως
814 648 948 759 ολρεταίς
964 653 1106 750 δρόσον
1105 657 1168 733 τῆς
1175 654 1343 782 πτωχείλς

229 745 286 806 τοῦ
307 764 492 846 πνευματος.
1303 740 1340 801 ἱ-ἰ

65 848 143 891 0⁰66.
154 845 219 890 1016.
337 825 369 892 6.
407 821 451 887 H
469 824 566 887 πάλιν
588 849 624 889 τα
616 823 652 909 λ
672 824 750 889 κατά
774 821 829 889 τόν
850 824 954 909 γάμον
976 832 1029 890 καὶ
1050 824 1104 905 τῆν
1109 797 1341 908 6766666W

230 911 346 1016 στ’ῆρια
374 910 462 994 παρὰ
477 915 528 998 τῷ
549 903 689 1019 6066*
658 935 739 975 ειναι
760 911 979 994 μανθάνοντες
1001 909 1053 976 ιλιοὶ
1075 914 1252 991 Μωυσέος,
1282 910 1341 975 τοῦ

226 998 283 1065 ιλιιλ
306 996 408 1107 γάμον
430 1000 482 1076 τῆς
504 975 633 1071 θειηας
620 1000 757 1082 εραστοῦ
777 1001 929 1080 γενέσθαι
953 1000 1046 1078 δόξης
1065 997 1107 1081 μῆ
1130 999 1341 1077 κωλυθέντες,

230 1091 284 1151 καὶ
311 1083 363 1147 ιλιιλ
391 1079 517 1160 Ἠλίου,
555 1086 612 1146 τοῦ
641 1087 804 1159 παντελῶς
831 1089 965 1168 γαμικῆς
995 1090 1169 1197 συναφείας
1189 1084 1344 1185 καθαροῦ

230 1176 476 1276 ιλιαμείναυτος,
479 1165 545 1234 οἶα
567 1172 624 1233 τοῦ
644 1168 742 1252 λόγοιι
765 1175 818 1235 καλ
842 1175 935 1236 θεοῦ
946 1172 1024 1247 τοῦς
1041 1171 1127 1257 λόγῳ
1146 1173 1245 1235 ταῦτα
1255 1166 1341 1233 266³

230 1282 356 1365 νοντας,
391 1255 470 1321 κατιλ
505 1252 578 1329 τοῦς
606 1258 751 1328 θειωιλῶς
783 1262 856 1360 περὶ
887 1253 989 1321 αῦτῶν
1020 1261 1188 1369 κειμένους
1211 1251 1341 1355 νόμυῦς,

229 1344 330 1430 έαυτῶ
349 1346 508 1453 μυστικῶς
529 1343 744 1417 εἶςιτοιεῖσθαι
766 1341 982 1425 ιιηρῦττοντος.

336 1427 372 1505 ς’.
409 1425 456 1490 Ἢ
475 1430 552 1507 ζωῆς
574 1433 627 1492 καλ
650 1426 792 1492 θανάτου
815 1427 868 1492 ιλιιλ
891 1433 952 1494 τῶν
970 1424 1072 1494 αῦτῶν
1087 1428 1211 1512 κόριον
1219 1420 1341 1502 πιστῶς

231 1514 307 1581 όντα
330 1513 506 1596 τὸνλόγον
528 1513 839 1621 πληροφοροῦμενοι

338 1599 370 1676 ζ’.
407 1597 453 1662 Ἢ
471 1606 525 1664 καὶ
547 1599 583 1664 τό
607 1598 726 1675 πάντας
749 1601 801 1680 ζῆν
823 1625 866 1688 τῳ
852 1603 957 1709 θεῷ
973 1627 1027 1665 και
1018 1602 1164 1704 666666
1181 1601 1343 1705 παντελῶς

231 1682 305 1770 παρ)
335 1682 419 1794 αὐτῷ
446 1684 558 1793 νεκρόν
586 1677 667 1750 εἶναι
698 1685 749 1750 ιλιόι
780 1691 841 1752 τῶν
869 1683 971 1750 αῦτῶν
991 1685 1227 1769 μανθάνοντες,
1263 1681 1343 1765 πλῆν

232 1776 289 1838 τοῦ
318 1771 430 1836 ἑαυτὸν
458 1776 495 1862 τῆ
523 1769 664 1876 ἁμαρτία
694 1772 952 1881 νεκρῶσαντος,
957 1778 1011 1837 καὶ
1042 1778 1080 1863 τῆ
1100 1772 1239 1860 ἑκουσίῳ
1261 1768 1345 1891 πρός

233 1857 269 1923 τά
293 1855 424 1936 πάθη
407 1865 522 1967 ροπῆ
515 1884 571 1922 του
557 1858 726 1941 ”λόγου’
714 1858 826 1923 εαυτόν
848 1855 1087 1968 ἀποκόψαντος

340 1943 376 2023 η’.
421 1942 458 2007 H
476 1944 574 2010 πάλιν
602 1943 685 2052 πρός
713 1944 769 2010 τὸν
796 1941 945 2028 λόγον(
922 1970 964 2021 ως
992 1941 1196 2024 ᾇλῆθειαν”
1175 1969 1253 2008 οντα
1277 1967 1337 2008 κατ

232 2026 422 2140 ἇναγιοριλν
421 2025 506 2138 εἷγαί
526 2055 558 2096 τε
580 2036 634 2096 καὶ
657 2027 813 2118 ῦπιίρχειν
834 2029 908 2107 τοῦς
930 2029 1047 2107 τόπους
1067 2034 1129 2095 τῶν
1150 2035 1344 2116 μυστηρίων,

233 2123 287 2183 καὶ
316 2117 361 2192 εἷς
384 2113 480 2182 αῦτὸν
503 2116 717 2199 συνάγεσθαι,
751 2122 803 2196 τῆς
826 2142 858 2182 τε
881 2121 1012 2202 νομικῆς
1032 2122 1085 2183 καὶ
1108 2120 1161 2196 τῆς
1181 2134 1344 2203 προφητι·

233 2207 288 2283 κῆς
309 2211 526 2312 πραγματείας
548 2199 590 2279 ῶς
606 2200 711 2311 όιρχῆν
733 2210 786 2269 καὶ
810 2208 914 2285 τέλος,
937 2203 1218 2308 έηυωταγωγοῦντο.Ι

341 2287 383 2354 θ’.
421 2288 521 2352 'H
486 2317 524 2354 τα
539 2289 618 2372 μετὰ
636 2289 717 2354 θεόν
734 2289 837 2354 πάντα
855 2295 908 2355 καὶ
928 2289 961 2354 έκ
978 2294 1061 2355 θεοῦ
1075 2287 1246 2397 γεγονότα,
1270 2308 1343 2353 τον·

234 2380 320 2441 τέστι
350 2375 403 2454 τῆν
434 2375 531 2460 φύσιν
559 2380 621 2440 τῶν
650 2373 751 2441 όντων
774 2382 827 2441 καλ
851 2374 906 2441 τόν
927 2376 1064 2484 χρόνον,
1096 2373 1184 2483 παρά
1208 2399 1253 2460 τῳ
1237 2375 1344 2481 θεῶ

235 2460 312 2529 όντα
341 2467 611 2546 συνεκφαίνεσθαι
640 2459 769 2572 άληθῶς
799 2467 1014 2570 φαινομένῳ,
1032 2461 1112 2528 κατὰ
1142 2460 1179 2526 τὰ
1203 2438 1344 2568 έόικτόν,

235 2545 276 2624 ῶς
309 2548 402 2634 αἰτίῳ
436 2554 489 2613 καὶ
519 2553 641 2638 ποιητῆ.
697 2540 755 2612 Ων
783 2552 840 2614 τοῦ
864 2553 924 2632 μέν
950 2548 1070 2658 χρόνου
1101 2546 1199 2624 τόπος
1227 2544 1269 2611 ιλν
1295 2542 1344 2624 εἴη

215 2612 394 2711 ’Μωῦσῆς,
434 2631 471 2698 06
494 2635 602 2745 μόνον
631 2631 673 2708 ῶς
695 2634 843 2742 χρόνου
839 2641 892 2699 καὶ
915 2640 972 2699 τοῦ
993 2631 1059 2700 κατ’
1081 2631 1178 2699 αῦτόν
1201 2629 1346 2738 ἀριθμοῦ

236 2718 428 2793 ιλιιλάσκαλος
458 2713 565 2796 (οὗτος
581 2719 641 2802 γάρ
660 2746 798 2828 πρωτος
809 2719 865 2785 τὸν
887 2718 966 2785 κατὰ
989 2718 1043 2800 τῆν
1065 2724 1187 2824 γένεσιν
1211 2722 1268 2783 τοῦ
1289 2716 1346 2782 κό-

236 2830 319 2891 σμου
340 2803 457 2887 χρόνον
471 2803 666 2914 ἠρίθμησε),
699 2813 752 2872 καὶ
776 2803 817 2882 ῶς
838 2812 997 2911 χρονικῆς
1009 2807 1177 2891 γενόμενος
1200 2804 1347 2889 λατρείας

147 2922 150 2928 ·
236 2889 431 3000 καθηγητὴς,
462 2889 541 2956 ἄλλα
570 2899 624 2957 καὶ
654 2890 696 2969 ῶς
721 2893 763 2976 μῆ
792 2891 1094 3004 3συνειςερχόμενος
1123 2892 1259 2967 ἐκείνοις
1285 2913 1347 2957 σω·

235 2981 376 3086 μανικῶς
404 2979 449 3052 εἰς
478 2977 532 3058 τῆν
557 2978 756 3045 κατάπαυσιν
778 2973 822 3044 ῶν
844 2977 908 3083 πρὸ
932 2985 985 3058 τῆς
1005 2985 1101 3055 θείας
1102 2977 1351 3085 καθηγῆσατολ

73 3077 122 3119 ⁰⁰6
135 3074 218 3119 6³¹6
208 3061 481 3147 υεῦαγγελίας·τ
464 3069 611 3131 τοιοῦτον
629 3063 689 3151 γάρ
707 3073 760 3130 καλ
785 3063 803 3130 6
825 3064 953 3173 χρόνος,
976 3063 1014 3130 06
1037 3065 1171 3174 χθάνων
1196 3092 1213 3144 η
1236 3076 1348 3148 συνερ-

236 3150 372 3237 χόμενος
401 3148 479 3262 κατά
510 3150 563 3230 τῆν
592 3158 715 3230 κίνησιν
745 3152 879 3228 ἐκείνοις
908 3147 963 3227 οῦς
991 3151 1073 3238 ιιρὸς
1101 3150 1154 3230 τῆν
1175 3150 1270 3215 θείαν
1292 3152 1349 3215 τοῦ

235 3243 407 3346 μέλλοντος
435 3238 551 3314 αἰῶνος
584 3237 661 3316 ζωῆν
689 3241 808 3321 πέφυκε
836 3241 1072 3349 παραπέμπειν.
1130 3234 1256 3316 Ἰησοῦν
1285 3234 1348 3341 γὰρ

236 3323 315 3434 ἔχει
334 3321 389 3387 τόν
411 3322 530 3400 παντὸς
552 3323 628 3390 ὄντα
650 3330 703 3389 καλ
726 3325 859 3431 χρόνον
868 3329 921 3389 καὶ
946 3324 1063 3400 αἰῶνος
1085 3322 1256 3406 διάδοχον·
1291 3317 1350 3387 κόν

237 3410 265 3474 εί
294 3407 396 3484 άλλως
427 3410 461 3473 οἱ
490 3410 578 3518 λόγοι
609 3414 666 3474 τοῦ
695 3410 814 3494 χρόνου
846 3410 878 3474 έν
908 3415 953 3497 τῷ
974 3415 1043 3498 θεῷ
1066 3413 1276 3514 διαμένωσιν,
1307 3403 1349 3482 ῶς

237 3500 333 3574 τληλοῒ
337 3501 514 3579 μυστικῶς
540 3493 556 3575 6
589 3500 646 3562 τοῦ
676 3495 708 3559 έν
736 3495 842 3602 ἐρῆμῳ
871 3499 1026 3605 δοθέντος
1048 3495 1148 3580 νόμου
1172 3495 1225 3558 ιλιόι
1248 3498 1349 3560 6166-

238 3586 311 3686 σέας
333 3592 402 3656 τοῖς
422 3580 476 3661 τῆν
498 3588 554 3666 γῆν
571 3586 762 3665 λαβοῦσι
725 3609 778 3661 της
795 3586 1014 3668 κατασχέσεως
1032 3585 1220 3658 ουνείςοτλος
1256 3578 1350 3646 Λίῶν

238 3668 311 3778 γάρ
319 3667 405 3733 ἐστιν
423 3665 440 3733 6
459 3669 594 3753 χρόνος,
625 3667 701 3733 ὅταν
720 3667 778 3758 στῆ
796 3672 849 3747 τῆς
866 3669 1033 3750 κινῆσεως,
1056 3676 1109 3734 καλ
1127 3667 1251 3781 χρόνος
1264 3667 1357 3733 ἐστὶν

239 3750 373 3835 όαίαλν,
404 3754 481 3819 ὅταν
481 3759 652 3862 μετρῆται
675 3755 796 3833 κινήσει
820 3754 1015 3866 ιγερόμενος,
1047 3752 1089 3830 ῶς
1110 3750 1192 3820 εἶναι
1216 3753 1351 3861 τὸνμὲν

239 3840 356 3945 αἰῶνα,
383 3840 438 3904 ἵνα
469 3837 510 3916 ῶς
532 3841 565 3905 ἐν
589 3840 655 3945 ὅρω
677 3839 858 3924 περιλαβών
881 3842 974 3919 είιτω,
1004 3840 1122 3927 χρόνον
1144 3840 1352 3925 ἐστερημένον

239 3926 404 4009 κινήσεως,
435 3927 489 3991 τόν
515 3931 553 3992 66
580 3905 700 4036 χρόνον
727 3927 829 4035 αἰῶνα
858 3926 979 4008 κινῆσει
1005 3928 1232 4038 μετρούμενον
1289 3928 1352 4003 Τῆς

240 4013 274 4072 ιλὲ
297 4010 420 4094 φάσεως
438 4009 565 4094 Ἠλίας,
596 4009 634 4077 06
654 4008 775 4120 μόνον
779 4010 821 4090 ῶς
845 4011 918 4090 τοῦς
940 4012 1049 4078 ‚66³⁸
1037 4013 1150 4080 ταυτὸν
1170 4009 1353 4117 ἅλωβῆτονς

240 4095 381 4177 φυλάξας
411 4099 541 4182 λόγους,
578 4104 630 4164 καὶ
662 4096 741 4164 τό’
727 4093 775 4163 επ’
805 4097 914 4175 αῦτοῖς
944 4099 1022 4164 κατὰ
1051 4100 1176 4208 γνῶμην
1192 4097 1352 4210 φρόνημα

241 4186 358 4264 τροπῆς
391 4191 445 4261 τῆς
478 4185 511 4253 ἐκ
544 4183 674 4261 πάθους
702 4184 890 4271 ἐλεύθερον,
926 4182 1007 4271 ρλλλά
1036 4194 1107 4252 καὶ
1119 4183 1161 4262 ῶς
1190 4185 1223 4250 έν
1251 4186 1353 4271 κρίσει

311 4393 335 4445 3.
354 4389 559 4462 συνερχόμενος
577 4409 592 4444 α
609 4409 643 4448 m.
665 4411 704 4462 pr.
724 4394 803 4447 hahet
822 4395 880 4449 006.
901 4395 967 4449 Gud.
