2752 4778
1152 168 1226 264 toi

120 365 232 435 iiluna
262 371 316 429 aut
345 368 438 430 modo
465 367 644 444 coraposito.
707 367 793 441 Quot
823 369 1071 430 animadvertens
1098 371 1230 443 domasse

120 468 249 535 aegrius
271 458 303 515 ει
321 453 444 516 divinus
468 453 647 531 Dionysius,
677 453 860 532 ,Quociroa,
883 457 995 532 inquit,
1026 472 1134 518 monas
1153 475 1230 534 quo·

120 554 167 613 tue
181 541 353 604 celebrata
375 545 407 602 et
427 543 518 616 trias,
548 540 690 600 divinitas
712 543 814 602 omnia
836 558 1003 617 superans,
1032 550 1095 604 nou
1119 560 1228 606 monus

120 633 174 701 ιι,
196 640 304 704 nequa
325 628 417 701 tnnc,
450 629 516 689 sive
538 644 558 688 a
581 628 669 687 nobis
697 629 762 687 sive
791 630 830 688 ab
860 628 920 688 alio
948 631 1092 704 quopiam
1116 633 1230 706 agnita,

120 712 165 777 ul
196 720 236 775 ut
264 704 346 790 quot
373 716 404 775 iu
432 715 500 790 ipsa
528 719 575 773 est
599 729 691 790 supra
714 730 805 789 quam
827 716 857 773 in
881 731 975 776 unum
999 716 1175 794 copulatum
1199 722 1229 778 et

120 801 158 883 'pi
191 800 361 863 fecundum
391 816 463 860 vere
484 800 719 881 praedicemus,
753 802 864 861 trinum
887 807 917 862 ει
939 817 1034 862 unum
1059 803 1151 862 deum
1173 818 1230 863 no·

120 888 273 949 muamus
303 886 389 947 illum
423 889 476 962 qui
509 902 603 964 supra
637 901 726 946 omne
756 903 867 948 nomen
899 893 962 959 est,
1003 893 1033 948 et
1061 891 1152 949 rebus
1182 889 1229 950 vel

120 973 274 1036 ucabults
301 975 417 1034 utimur
444 975 474 1032 in
499 972 691 1049 designando
714 989 750 1032 eo
773 975 823 1048 qui
846 975 928 1033 omni
951 976 1086 1034 essentia
1108 980 1155 1035 est
1177 991 1230 1035 su·

120 1062 237 1122 orior!
303 1058 400 1121 Nemo
435 1060 543 1137 igitur,
579 1060 630 1133 qut
663 1059 805 1136 religiose
838 1076 892 1134 per
921 1061 1078 1120 veritatem
1108 1061 1230 1122 vivendi

120 1146 275 1211 tudiosus
304 1145 435 1220 dyadem
466 1150 519 1206 aut
541 1161 700 1205 numerum
725 1147 869 1220 principio
892 1151 1047 1208 carentem
1071 1151 1125 1207 aut
1146 1149 1230 1223 prin·

120 1234 225 1311 lpium
257 1233 381 1292 omnino
404 1231 575 1308 cuiuspiam
599 1247 670 1291 esse
693 1231 793 1292 dicere
817 1234 986 1292 conabitur.
1041 1233 1124 1292 Unus
1148 1234 1228 1293 enim

121 1335 162 1381 er
185 1319 366 1380 universam
387 1323 451 1378 tarn
472 1317 651 1377 rationalem
675 1332 766 1392 quarn
788 1318 1022 1378 intellectualem
1042 1319 1230 1394 contempla·

120 1408 208 1467 lvum
237 1410 423 1482 potestatem
454 1410 484 1464 et
512 1404 671 1464 scientiam
694 1403 735 1463 illi
758 1404 835 1464 deris
859 1406 1031 1482 apparebit,
1061 1406 1160 1465 omnis
1182 1407 1230 1466 in·

121 1493 242 1555 niteas
267 1492 411 1570 ulterior,
444 1506 501 1550 uec
530 1492 672 1565 cuiquam
703 1492 827 1550 omuino
855 1507 961 1551 eorum
993 1504 1072 1566 quae
1095 1496 1167 1552 sunt
1189 1507 1230 1553 ex

120 1579 174 1641 lla
203 1583 309 1657 parte,
341 1582 464 1654 praeter
494 1575 591 1635 solam
615 1576 779 1652 perfidem
802 1578 1025 1655 cognitionem,
1056 1584 1087 1638 ει
1107 1577 1167 1638 hoc
1189 1594 1230 1639 ex

120 1665 366 1745 perimamus,
392 1662 472 1739 quod
497 1667 561 1736 est,
593 1679 654 1723 uon
678 1663 760 1738 quod
782 1663 947 1738 aliquando
971 1669 1034 1739 est,
1064 1670 1228 1741 perceptus

120 1757 207 1828 tque
229 1753 372 1829 agnitus,
402 1757 433 1811 et
454 1751 554 1808 omnis
576 1751 644 1808 aevi
666 1765 702 1809 ac
726 1751 870 1824 temporis
893 1755 922 1809 et
940 1751 1074 1812 omnium
1098 1764 1176 1825 quae
1197 1751 1229 1810 in

120 1854 192 1901 avo
216 1843 291 1898 suut
312 1852 349 1898 ac
371 1842 506 1912 tempore
527 1834 625 1895 lactor
646 1841 739 1910 atque
755 1836 887 1909 artilex,
911 1835 985 1896 nibil
1008 1853 1134 1913 prorsus
1153 1851 1230 1910 quo·

120 1939 237 2000 unque
258 1928 306 1983 εει
328 1922 418 2003 modo
441 1924 468 1982 ai
491 1922 621 1983 alterum
643 1920 682 1982 de
704 1927 829 1991 aeterno
852 1921 1011 1999 adtingens
1035 1924 1227 2000 cogitatione,

120 2026 234 2073 nomm
262 2010 344 2084 quod
374 2014 514 2069 neutrum
546 2023 652 2068 aarum
683 2024 762 2083 quae
789 2008 1021 2068 existentialiter
1043 2009 1081 2068 de
1103 2014 1228 2069 aeterno

120 2096 206 2161 lmul
245 2101 319 2157 suut
354 2100 495 2156 neutrum
529 2094 649 2155 efficere
686 2095 790 2170 possit.
857 2093 961 2169 Neque
992 2096 1071 2154 enim
1102 2095 1229 2173 cogitari

120 2184 240 2247 amcino
259 2180 290 2242 iti
312 2185 430 2258 potest,
454 2196 558 2255 neque·
576 2180 656 2251 fieri,
686 2181 793 2256 eisque
816 2182 868 2256 qui
890 2185 992 2240 mente
1014 2185 1142 2240 utuntur
1157 2180 1229 2239 ridi-

120 2271 217 2335 ulum
244 2274 310 2343 est,
344 2284 445 2329 rerum
475 2267 606 2327 duarum
630 2282 710 2342 quae
732 2267 822 2327 simul
844 2267 981 2326 existunt
1003 2266 1130 2327 alteram
1154 2265 1230 2327 ulte-

120 2358 178 2421 lua
195 2356 303 2417 rueme
325 2355 514 2415 creatricem.
559 2351 621 2413 Sed
645 2370 684 2412 ex
707 2354 765 2414 deo
787 2357 915 2414 aeterno
936 2354 1166 2414 universitatem
1189 2368 1229 2415 ex

120 2442 210 2507 ribilo
233 2440 345 2503 iactam
368 2455 440 2503 esse
461 2441 492 2499 in
515 2444 611 2500 totum
634 2455 671 2500 ac
694 2440 803 2521 plene,
837 2443 868 2498 at
891 2456 950 2499 non
973 2439 1176 2516 particulatim
1200 2441 1230 2500 ei

120 2529 295 2609 uperiecta,
324 2533 360 2587 ut
387 2542 426 2586 ex
457 2541 554 2586 causa
585 2526 719 2586 infinitae
748 2531 779 2586 et
808 2527 989 2602 cognitionis
1016 2533 1047 2587 et
1068 2526 1228 2602 potestatis

120 2617 271 2701 ¹npiputer
291 2610 473 2686 deductam,
498 2613 748 2697 approbationem
772 2611 880 2683 babet,
909 2614 1002 2688 inque
1024 2629 1062 2672 eo
1083 2613 1230 2672 universa

120 2705 257 2765 noscare
277 2704 314 2760 ut
333 2701 363 2758 iu
386 2699 596 2774 omnipotente
619 2699 722 2760 radice
746 2699 899 2760 custodita
921 2705 1014 2774 atque
1037 2703 1228 2773 conservata,

120 2794 144 2857 ιι,
158 2788 197 2849 in
220 2786 353 2848 eundern
375 2786 520 2846 universa
542 2781 659 2855 redire,
683 2784 818 2846 velutin
841 2787 997 2862 proprium
1019 2802 1109 2848 suum
1133 2782 1230 2862 quod-

120 2890 174 2953 tue
196 2873 377 2944 terminum,
399 2873 442 2932 uti
465 2871 578 2962 alicubi
601 2870 673 2931 dicit
694 2886 827 2950 magnus
850 2869 1015 2949 Dionysius
1033 2873 1229 2951 areopagita.
1318 2906 1322 2912 -

120 3057 386 3164 iontemptncio
412 3078 484 3155 qua
505 3053 778 3129 demonstratur
799 3054 860 3145 dei
884 3056 1157 3156 providentiam
1176 3080 1229 3130 se·

167 3161 333 3241 eundum
361 3168 533 3237 naturam
559 3182 665 3232 auam
692 3158 816 3233 omnia
841 3159 1023 3258 prosequi.

222 3313 322 3375 Etiam
351 3313 540 3390 provisorem
570 3327 670 3371 rerum
694 3316 821 3373 naturae
843 3327 916 3373 esse
937 3310 1173 3387 persuadebitur
1194 3312 1231 3382 el,

120 3418 169 3481 per
200 3405 338 3477 quas'et
366 3398 457 3459 deum
486 3413 557 3458 esse
579 3398 699 3471 didicit,
737 3399 853 3458 iustum
875 3412 912 3457 uc
933 3398 1040 3458 rationi
1064 3401 1231 3457 consentu-

120 3505 211 3551 neum
241 3502 313 3548 esse
343 3486 483 3546 indicans
514 3499 576 3544 nou
610 3484 702 3544 alium
734 3500 804 3544 esse
832 3499 933 3544 rerum
957 3483 1115 3545 custodem
1139 3487 1230 3559 atque

120 3579 289 3639 curatorem
317 3586 410 3648 quam
432 3573 534 3647 ipsum
556 3586 669 3631 rerum·
684 3571 880 3631 conditorem.
933 3569 1003 3644 ipsa
1025 3570 1106 3631 euim
1129 3585 1229 3630 rerum

120 3661 301 3741 perennitas¹
324 3663 356 3718 et
385 3657 460 3718 ordo
490 3661 520 3716 at
548 3659 660 3732 positio
691 3663 721 3716 et
743 3657 836 3716 motio
859 3662 888 3716 et
910 3661 1015 3716 mutua
1036 3672 1092 3731 per
1113 3656 1231 3719 medias

120 3753 223 3827 partes
252 3745 405 3806 connexio
428 3744 671 3817 extremitatum,
707 3742 781 3802 nibil
804 3757 874 3802 sese
895 3742 1024 3802 invicem
1049 3757 1232 3816 quamquam

120 3833 291 3898 contrariae
313 3834 385 3901 sunt
406 3830 632 3901 infestantium,
664 3835 694 3889 et
716 3830 848 3907 partium
870 3829 899 3887 in
923 3833 1019 3890 totum
1040 3829 1234 3902 consptratto,

120 3926 149 3984 et
177 3925 309 3981 totorum
340 3917 510 3994 aequabilis
540 3932 577 3977 ae
604 3916 695 3991 piena
723 3931 778 3993 per
799 3917 904 3991 partes
928 3915 1173 3992 coagmentatio,
1205 3919 1235 3974 et

120 4011 255 4086 ipsarum
278 4005 409 4082 partium
432 4005 510 4063 iuter
534 4019 569 4063 se
591 4008 738 4063 constans
762 4002 919 4072 discretio,
950 4000 1119 4062 secundnm
1143 4015 1234 4061 snam

120 4092 363 4169 uniuscuiusque
401 4087 615 4160 differentiam,
657 4093 687 4148 et
721 4089 864 4149 mixtione
897 4102 1008 4164 expers
1041 4087 1232 4159 coadunatio,

120 4179 291 4243 secundum
312 4178 502 4238 immutatam
521 4178 556 4261 in
579 4176 651 4236 totis
674 4175 880 4251 identitatem,
906 4181 938 4234 et
958 4175 1170 4236 universorum
1193 4173 1233 4235 ad

120 4368 147 4420 a.
165 4361 368 4421 munim
384 4364 442 4418 cod.
463 4362 530 4417 (iud.
