2752 4778
1333 39 1360 371 ι

226 412 368 507 Θεωρία
391 418 458 485 τοῦ
481 412 651 506 ἀριθμοῦ
674 417 751 483 τών
773 403 1079 504 τετρακισχιλίων
1110 405 1279 503 ἀνδρῶν.

332 558 442 626 1(ωὸ
472 557 574 625 55155
605 558 683 624 δὲ’
670 565 796 624 εκείνωυ
825 555 885 622 τών
908 554 1040 632 τοότους
1062 558 1256 665 τραφέντων
1275 552 1327 631 τώς

224 646 450 730 πνευματικοδς
485 645 600 750 λόγους
634 642 777 751 ἀριθμὸς
806 648 858 723 τῆς
885 640 1028 722 ἀληθοῦς
1057 639 1171 706 αιἰτώυ
1199 638 1328 726 άρίδηλυς

222 732 343 837 μάρτυς
372 732 439 798 ἐστὶ
468 729 676 811 τελειότητος,
710 727 752 805 ώς
781 728 835 806 τάς
857 731 1013 834 τέσσαρας
1035 725 1172 810 γενικὰς
1194 731 1329 813 περιέχειν

223 817 380 902 μονάδας,
415 811 459 881 ὧν
458 817 592 925 πρώτη
621 821 679 900 μὲν
707 814 794 882 ἔστιν
823 812 838 894 5
863 811 971 922 πρώτη
998 812 1122 920 μρνάς,
1161 817 1329 897 δευτέρυδὲ

224 903 323 988 μονάς
347 900 468 970 ἐστινἰ
453 931 469 1006 5
493 901 599 983 δεκάς,
629 909 715 1009 τρίτη
739 905 774 965 55
795 900 896 1008 μοιτίς
918 898 1004 965 ἐστιν
1025 895 1043 976 5
1068 899 1330 983 ἐκατοντοὶς,κυι

225 989 353 1075 τετάρτη
369 988 483 1094 μονάς
512 988 597 1054 ἐστιν
629 985 644 1067 5
676 985 808 1098 χιλιάς.
836 982 968 1064 Ἑκάστη
990 984 1051 1070 γὰρ
1076 984 1226 1062 τούτων,
1241 990 1332 1094 χωρίς

226 1079 278 1154 τῆς
307 1073 449 1183 πρώτης
458 1073 614 1181 μονάδος,
645 1081 698 1138 καὶ
724 1072 825 1155 μονάς
848 1071 914 1138 ἐστι
937 1075 990 1136 καὶ
1013 1071 1126 1147 δεκάς
1165 1069 1271 1156 μονάς
1288 1074 1333 1156 μὲν

225 1164 285 1226 τών
313 1157 379 1243 μετ’
409 1157 520 1240 αὗτῆν,
550 1156 592 1235 ώς
621 1160 666 1234 είς
695 1158 808 1238 έαυτῆν
836 1159 1059 1240 συντιθεμένη,
1096 1164 1158 1223 καλ
1188 1184 1233 1244 τῳ
1217 1161 1330 1261 δικρ-

63 1250 417 1353 00512155555555553
447 1245 500 1324 τῆν
528 1242 622 1324 αὐτῆς
648 1245 651 1329 5
680 1215 897 1350 άπρρίίζουσα
928 1242 1065 1353 δεκάδα·
1099 1241 1200 1319 δεκάς
1223 1233 1323 1326 55,
1303 1268 1334 1319 τις

225 1336 286 1396 τών
316 1331 378 1415 πρό
408 1330 503 1409 αὐτῆς
528 1332 677 1414 μονάδων
706 1329 759 1410 τῆν
786 1328 939 1399 σύνθεσιν
968 1329 1014 1404 εἷς
1042 1327 1162 1408 ὲαυτῆυ
1172 1327 1335 1437 περιγρά-

252 1441 348 1482 ουσα·
374 1415 487 1528 χιλιὰς
516 1420 551 1481 55
577 1419 828 1524 τετραρλονμένη
858 1411 1183 1507 τετρακισχιλιόυςῑ
1149 1423 1335 1521 υφίστησιι.

220 1505 226 1527 ’
255 1525 325 1569 στιν
349 1496 405 1567 οδν
427 1498 443 1580 5
468 1502 573 1610 πρώτη
600 1500 701 1585 μονάς
726 1504 880 1611 μυστικῆς
907 1492 1112 1609 θεολογίας
1113 1497 1333 1605 σύμβολον,
1322 1524 1333 1577 η

226 1592 261 1653 55
290 1591 418 1698 δευτέρα
446 1586 546 1669 μονάς
576 1592 669 1662 θείας
704 1587 890 1698 οἰκονομίας
918 1611 971 1650 και
1001 1585 1214 1668 αγαθότητος
1243 1585 1335 1664 τόπος,
1359 1596 1368 1649 Ι

226 1669 309 1750 555
337 1680 423 1756 τρίτη
451 1672 552 1779 μονάς
581 1669 691 1758 άρετῆς
721 1679 774 1737 καὶ
803 1669 947 1777 γνώσεώς
975 1670 1062 1737 ἐστιν
1091 1670 1210 1751 εἰκών,
1249 1678 1298 1738 καλ
1322 1699 1332 1748 5
1316 1668 1367 1817 Ι

225 1755 355 1841 τετάρτη
382 1755 483 1840 μονάς
509 1762 560 1836 τῆς
589 1760 734 1823 καθόλου
764 1763 824 1823 τών
855 1755 954 1822 δ’ντων
976 1761 1152 1843 θειοτέρας
1173 1755 1334 1842 μεταποιῆ·

227 1867 306 1918 σεως
329 1840 473 1968 δῆλωσις.

218 2030 321 2123 Ἄλλη
347 2025 489 2124 θεωρία
513 2032 562 2110 εἰς
586 2025 651 2099 τὸυ
675 2026 702 2116 ζ
727 2028 904 2122 ἀριθμόν.
952 2004 954 2007 ¹

327 2173 367 2241 ‘0
397 2175 465 2242 55
453 2175 532 2241 επτδι
554 2174 696 2261 άριθμδς
718 2180 778 2242 τών
800 2182 962 2286 σπυρίδων
984 2172 1051 2243 κατ’
1073 2177 1178 2245 ἄλλον
1200 2183 1324 2269 πρὸς
1299 2185 1331 2247 τιν’

225 2268 382 2365 προτέρῳ
399 2260 623 2370 θεωρούμενος
652 2262 778 2371 τρόπῳ,
818 2263 860 2340 ιδς
888 2288 1003 2373 ρασιν,
1038 2263 1194 2350 ἐμφαίνει
1225 2276 1352 2367 σοφίαι

225 2355 279 2413 καὶ
317 2347 488 2435 φρόνησιν,
525 2347 579 2426 τῆν
613 2353 673 2430 μὲν
701 2345 743 2424 ώς
769 2357 855 2457 περὶ
875 2349 927 2429 τῆν
955 2352 1064 2414 αἰτίαν
1086 2358 1248 2465 τρισσώς
1264 2379 1326 2420 κατι

226 2438 300 2501 νοεῖν
328 2438 528 2517 κινουμένην,
565 2433 618 2513 τῆν
651 2439 686 2499 55
714 2441 787 2518 περὶ
819 2435 858 2500 τά
871 2435 961 2547 μετρὶ
984 2433 1038 2514 τῆν
1061 2437 1173 2504 αἰτίαν
1194 2446 1248 2506 καλ
1269 2445 1325 2524 περὶ

229 2519 282 2599 τῆν
310 2520 415 2584 αίτιαν
445 2518 521 2584 ὄντα
550 2518 628 2583 κατὰ
621 2519 748 2629 λόγον
771 2520 880 2585 διὰ
848 2548 901 2602 την
923 2522 1029 2586 αίτίαν
1052 2529 1216 2635 τετραχῶς
1238 2553 1324 2592 κινου·

223 2608 326 2688 μεύην
388 2598 568 2684 Οόθέτερον
598 2597 654 2671 οὖν
684 2603 807 2689 άλόγως
834 2606 920 2694 παρὰ
953 2610 1009 2673 τοῦ
1016 2615 1155 2718 κυρίου
1184 2616 1325 2718 γεγένηται

226 2690 305 2756 κατὰ
335 2691 390 2755 τόν
408 2693 506 2774 μέγαν
530 2695 641 2755 τοῦτον
664 2690 876 2778 διδάσκαλον,
911 2690 984 2758 0555
1007 2690 1147 2772 άναξίως
1170 2702 1229 2765 τοῦ
1249 2696 1325 2764 πνεί·

225 2800 335 2859 ματος.
403 2858 405 2863 Ι

63 2965 381 3070 555552552105
413 2961 530 3035 αὐτοῦ
554 2959 767 3064 λόγου,ελς
752 2962 853 3056 ςτὸ,
888 2964 1004 3040 Καὶ”
984 2992 1060 3041 εστι
1085 2969 1254 3070 διαφορά
1271 3003 1324 3070 χα-

64 3065 99 3097 τυλ
114 3063 134 3097 in
149 3059 220 3098 Pente-

64 3117 114 3149 ,,,
130 3105 221 3160 051⁶
280 3089 492 3162 ρισματωυ,
519 3064 632 3139 ἄλλον
654 3063 810 3162 δεομένη
826 3067 1058 3165 χαρίσματος
1083 3073 1178 3170 πρὸς
1201 3072 1324 3174 διάκρι-

62 3141 221 3261 55425555
281 3191 340 3241 σιυ
364 3174 431 3240 τοῦ
452 3166 652 3262 βελτίονος.

65 3265 107 3302 σ.εδ

328 3315 372 3381 H
386 3318 527 3422 διαφορά
549 3323 610 3382 τών
631 3321 839 3430 χρρισμάτριν
862 3319 878 3401 5
898 3319 996 3387 άλλου
1019 3328 1154 3431 δεομένη
1178 3339 1326 3441 χαρί·σμα

229 3429 279 3480 τος
300 3402 382 3489 πρός
404 3402 575 3510 διάκρισιν
587 3405 665 3469 κατὰ
689 3404 744 3471 τόν
765 3411 864 3490 μέγαν
887 3411 999 3474 τοδτον
1023 3410 1258 3482 διδάσκαλόν
1245 3441 1326 3484 εστιν.

227 3485 462 3597 ῆπροφητεία,
485 3483 651 3566 καθώς
617 3517 725 3596 ⁰⁰5¹m2
752 3499 805 3556 καὶ
828 3492 863 3557 τό
888 3499 994 3560 λαλεῖν
1016 3497 1190 3579 γλώσσαις.
1226 3499 1314 3566 H
1280 3527 1326 3587 μετ

226 3573 285 3659 γάρ
321 3581 499 3658 προφητεία
535 3579 634 3640 δεῖται
665 3581 722 3642 τοῦ
750 3585 948 3662 χαρίσματος
976 3585 1028 3661 τῆς
1058 3581 1252 3672 διακρίσεως
1277 3591 1325 3654 τάν
1356 3533 1366 3738 1

225 3659 425 3744 πνευμάτων,
457 3661 539 3744 πρὸς
567 3661 604 3725 τδ
634 3668 818 3745 γνωσθῆναι
844 3673 891 3742 τίς
912 3671 965 3731 καί
988 3667 1094 3735 πόθεν
1116 3678 1187 3737 καὶ·
1197 3679 1260 3741 ποό
1279 3677 1325 3759 55-

224 3769 327 3830 ρουσα
350 3751 403 3811 καί
425 3753 522 3811 ποίου
545 3747 724 3831 πνεύματός
746 3749 829 3829 ἐστι,
862 3757 914 3817 καί
937 3749 1020 3816 55⁰
1001 3781 1037 3834 ηι
1060 3756 1187 3839 αἰτίαν,
1209 3761 1254 3844 μη’
1272 3785 1325 3834 πας

225 3830 437 3940 φλῆναφός
424 3857 507 3913 εστι,
542 3833 644 3915 μόνον
673 3835 740 3914 εἰκῆ
774 3837 1017 3949 ιπροφερομένη
1048 3842 1082 3906 δτι
1112 3847 1168 3922 τῆς
1190 3847 1273 3956 κατρὶ
1297 3850 1325 3910 τδ

226 3915 413 4002 ῆγεμονικόν
433 3917 550 4021 555555
573 3924 629 3984 τοῦ
650 3921 860 4030 λέγοντος,’
843 3950 859 4001 η
885 3921 1089 4004 αὖτοκίνητός
1111 3955 1161 4006 τις
1184 3930 1264 4017 δρμῆ
1280 3937 1325 4035 555

224 4006 321 4082 δῆθεν
343 4003 658 4109 προηνητεδοντος,ε
644 4004 718 4082 ξ
699 4033 865 4092 αγχινοιας
885 4017 961 4094 περί
982 4037 1076 4078 τινων
1100 4024 1245 4099 φυσικῶς
1260 4017 1325 4086 κυτδ

224 4086 321 4173 λόγον
344 4088 396 4153 διὰ
419 4096 628 4175 πολυπειρίαν
652 4099 899 4197 τεκμαιρομέυου
921 4099 1132 4204 πραγμάτων,
1165 4102 1260 4184 5105
1278 4130 1324 4170 πυ

63 4207 110 4246 505
124 4197 208 4246 5255
214 4179 326 4286 κηροῦ
343 4180 397 4240 καὶ
419 4154 651 4260 δαιμονιώδοῆς
672 4202 865 4264 πνευματος,
883 4181 937 4263 Ι
915 4181 1018 4294 ώςπερ
1042 4185 1076 4252 ἐν
1098 4191 1265 4279 Μοντανιῆ
1283 4197 1324 4258 καί

223 4269 291 4366 τρίς
313 4259 421 4347 ἐκείνῳ
440 4268 689 4374 παραπλησίοις
694 4268 761 4331 ἐστὶ
777 4270 1012 4350 τερατολογία
999 4295 1033 4335 εν
1046 4284 1248 4379 προφητείας
1247 4257 1324 4344 εἴδει

223 4342 259 4408 τό
290 4323 476 4427 λεγόμενον,
509 4346 528 4425 5
558 4347 689 4428 δόξης“’
673 4375 774 4415 ενεκεν
796 4357 884 4431 κενῆς
906 4366 973 4428 τοις
995 4355 1102 4424 ἄλλων
1124 4359 1224 4441 ἄλλος
1245 4362 1324 4448 τυχδι
1355 4376 1368 4733 1
