2752 4778
1060 204 1133 281 205

130 392 206 455 Cum
240 384 369 454 sanctus
404 391 575 455 haereticos
608 392 724 454 videret
750 394 781 453 id
808 410 904 455 unum
933 398 1065 466 certare,
1101 397 1136 453 ut

21 474 317 556 superessentialem
346 485 486 540 naturam
515 485 654 540 amentes
685 496 790 540 secum
825 482 899 557 ipsis
933 479 1135 548 destruerent,

21 564 258 645 artificiosisque
292 567 462 626 rationibus
498 571 681 642 potestatem
718 566 957 643 insuperabilem
992 565 1136 639 omnique

21 650 190 715 conditioni
219 667 258 712 ex
285 653 351 728 pari
379 652 647 734 imperceptibilem
678 669 755 714 suae
783 654 967 732 cognitionis
999 666 1137 726 compre-

21 738 176 800 hensione
192 753 301 814 capere
321 740 444 814 conari,
474 756 529 815 per
545 744 641 800 totum
664 755 837 801 sermonem
859 740 1006 816 privative
1028 741 1060 798 ει
1081 752 1136 797 ne·

21 825 126 904 gative
147 823 267 899 dedeo
289 823 390 885 dicere
411 826 535 900 maluit,
566 826 640 885 nulii
663 827 787 887 omnino
816 827 958 902 positioni
981 829 1034 885 ant
1056 822 1136 882 nffir·
1205 848 1212 859 =

22 911 151 973 mutiani
169 908 311 986 indulsit,
334 927 375 970 ne
391 916 538 987 tanquam
556 912 749 988 impudentes
766 928 861 973 canes
879 914 962 975 hanc
982 910 1136 973 mordicus
1156 950 1164 961 .

21 1002 186 1075 captarent
206 1002 239 1069 et
259 999 419 1059 venenatis
445 999 586 1059 dentibus
609 1000 639 1057 in
663 1000 798 1060 veritatis
821 1015 993 1060 sermonem
1023 997 1137 1058 luriose

21 1087 177 1146 irruerent
212 1085 407 1145 occasionem
445 1085 666 1161 praetendendi
698 1090 870 1163 utcunque.
886 1089 916 1144 et
950 1084 1076 1145 fallendi
1108 1087 1138 1143 et

21 1171 137 1249 proprii
166 1168 257 1231 studii
287 1170 453 1232 artiticium'
470 1171 648 1232 conficiendi
670 1171 916 1247 qualemcunque
939 1171 978 1230 de
1001 1170 1057 1230 deo
1080 1169 1137 1229 sibi

22 1272 209 1319 concessam
232 1258 383 1318 sermonis
405 1259 587 1334 positionem
609 1258 766 1320 facientes.
825 1258 927 1332 Quare
949 1272 1048 1332 neque
1070 1271 1137 1316 cor-

22 1360 99 1422 pus,
135 1357 236 1419 neque
264 1344 462 1407 immateriale
492 1360 620 1421 corpus,
657 1361 757 1422 neque
783 1344 974 1422 incorporale
1002 1343 1136 1416 omnino,

23 1446 127 1508 neque
147 1430 179 1489 in
197 1431 361 1503 universo,
384 1446 486 1506 neque
508 1434 538 1491 in
562 1430 627 1493 ulla
646 1433 782 1493 universi
799 1436 901 1510 parte,
925 1444 1024 1505 neque
1043 1443 1149 1504 supra¹

23 1517 220 1591 universum,
243 1520 276 1577 et
296 1521 329 1578 ut
351 1518 526 1593 simpliciter
549 1517 666 1595 dicam,
694 1518 914 1579 nihilomnino
937 1521 968 1577 et
988 1517 1026 1577 in·
1043 1515 1140 1576 nihilo

24 1618 132 1665 eorum
162 1616 241 1677 quae
269 1603 473 1680 qualicunque
504 1603 610 1676 modo,
642 1606 676 1665 ut
704 1622 808 1666 verum
831 1609 897 1676 est,
927 1603 1067 1663 videntur
1089 1601 1137 1662 vel

24 1687 326 1766 comprehenduntur
348 1690 396 1751 vel
418 1690 560 1752 dicuntur
583 1693 630 1751 vel
655 1694 828 1770 cogitantur
848 1691 898 1750 vel
919 1691 1006 1750 nosci
1028 1695 1139 1763 utcun-

25 1791 86 1853 que
114 1780 261 1852 possunt,
290 1775 382 1838 deum
411 1793 482 1839 esse
510 1776 615 1852 docet,
647 1778 685 1838 de
714 1780 797 1840 omni
824 1795 878 1840 eos
901 1778 1059 1853 opinione,
1089 1775 1138 1835 dei

26 1863 163 1924 essentie
190 1863 262 1939 quid
293 1865 333 1924 sit
360 1864 578 1940 comprehendi
606 1881 717 1943 posse,
757 1864 953 1940 propulsans.
1021 1859 1136 1923 Deinde

27 1949 193 2011 instantius
222 1964 278 2010 cos
304 1950 344 2010 ad
368 1951 510 2026 pietatem
533 1951 702 2028 instigans,
732 1955 762 2011 et
784 1967 822 2010 ex
844 1950 1017 2010 interiorum
1041 1952 1071 2008 et
1091 1949 1138 2006 in·

28 2035 234 2112 comparabile
261 2039 409 2113 quantum
426 2048 457 2096 'a
478 2037 536 2098 deo
558 2037 737 2098 distantium
759 2030 996 2113 investigatione
1014 2034 1139 2094 univer-

27 2121 94 2183 sale
115 2121 155 2182 dc
177 2121 236 2203 deo
256 2124 417 2184 temerarie
440 2139 542 2199 neque
564 2125 711 2201 cogitare,
738 2123 852 2183 nedum
874 2121 993 2182 edicere
1013 2119 1068 2179 ulii
1088 2119 1137 2179 fas

27 2224 100 2271 esse
130 2223 248 2270 conans
276 2209 492 2287 persuadere,¹
508 2210 587 2270 haec
616 2211 697 2270 dicit.
751 2209 788 2269 Et
816 2207 952 2284 prolecto
980 2205 1020 2267 ad
1043 2207 1138 2266 stabi·

29 2295 132 2359 denda
161 2309 282 2373 quoque
310 2311 347 2357 ea
377 2311 456 2373 quae
486 2303 590 2359 contra
612 2312 666 2357 eos
687 2297 749 2356 iam
773 2295 920 2371 privative
943 2299 974 2354 et
995 2293 1139 2370 negative

28 2381 255 2459 disputaverat,
276 2386 311 2443 ut
330 2384 402 2443 inde
424 2383 671 2459 commonefacti,
696 2382 775 2458 quod
798 2383 889 2442 etiem
911 2381 1085 2440 ultimorum
1107 2379 1138 2438 in

29 2468 141 2531 creatis
164 2474 308 2530 accurata
330 2470 563 2545 comprehensio
580 2469 739 2530 rationalis
757 2473 880 2529 nostrae
899 2469 945 2526 vis
966 2466 1139 2528 facultatem

30 2560 168 2633 superet,
198 2554 293 2617 multo
314 2557 436 2617 maioris
459 2557 637 2618 temeritatis
660 2561 691 2617 et
713 2555 864 2616 audaciae
885 2555 1030 2630 impetum
1054 2567 1138 2613 coer·

30 2656 101 2703 cere
129 2645 272 2718 possent,
303 2648 466 2718 postquam
496 2645 527 2702 in
555 2643 658 2720 parvis
688 2647 817 2703 naturae
838 2641 1042 2701 infirmitatem
1065 2655 1140 2721 nos·

30 2733 108 2789 sent
162 2726 282 2789 Etenim
311 2729 338 2788 si
366 2729 404 2789 de
431 2728 529 2806 ligure
557 2729 660 2806 aliqua
687 2730 866 2803 inquirimus
893 2728 975 2805 tinge
1004 2725 1140 2795 homine,

31 2812 78 2875 vel
100 2829 196 2890 equo,
218 2814 269 2875 vel
287 2815 381 2885 bove,
404 2810 555 2893 adplene
577 2815 896 2890 comprehendendum
920 2814 1050 2891 figuram
1073 2829 1141 2873 cor·

30 2908 88 2977 pus
117 2898 345 2965 dixisse-haud
365 2901 491 2973 sullicit,
526 2901 573 2962 vel
596 2901 771 2980 generabile
792 2902 883 2962 modo
905 2905 959 2960 aut
980 2898 1139 2971 interibile,

31 2984 186 3048 hominem
215 2986 262 3046 vei
292 2989 400 3047 bovem
429 2989 479 3048 vel
511 3002 640 3063 equum,
683 2987 738 3049 sed
772 2987 852 3063 qaod
886 2985 934 3046 his
967 2987 1168 3047 subiectum-

32 3071 85 3148 sit,
121 3071 152 3132 id
182 3077 231 3135 est
257 3072 338 3148 quod
361 3078 523 3151 generetur
545 3080 575 3135 et
596 3075 743 3148 intereat,
777 3072 974 3148 etqualitate
997 3070 1139 3133 allectum

33 3158 71 3219 sit
98 3163 331 3235 repraesentare
358 3166 486 3236 oportet.
538 3159 656 3237 Corpus
684 3177 758 3221 vero
785 3159 1024 3234 haudquaquam
1046 3170 1141 3234 gene·

31 3245 108 3329 retia
129 3251 196 3319 est,
226 3250 280 3306 aut
301 3247 457 3323 interitus3
485 3247 637 3322 siquidem
657 3246 730 3307 inde
752 3245 928 3306 necessario
951 3247 1140 3318 sequeretur,

32 3334 59 3411 el
77 3331 151 3408 quid
173 3346 285 3408 corpus
315 3333 371 3407 sit,
407 3339 438 3394 et
465 3332 594 3410 liguram
623 3349 711 3409 esse,
748 3338 779 3394 et
808 3333 834 3392 si
863 3331 934 3406 qnid
965 3327 1140 3407 generabile

33 3418 70 3479 stt
97 3416 162 3478 vel·
177 3418 341 3492 interibile,
377 3423 409 3480 et
437 3418 590 3481 hominem
621 3436 692 3482 esse
720 3418 768 3479 vel
799 3420 919 3479 hovem}
939 3415 987 3476 vel
1016 3430 1139 3491 equum.

32 3500 135 3581 lleque
170 3505 267 3576 enlm,
307 3506 334 3565 si
367 3505 438 3581 qaid
467 3522 579 3581 corpus
609 3511 673 3581 est,
715 3506 839 3566 omnino
868 3503 1077 3565 necessarium
1106 3505 1142 3561 ut

33 3588 129 3671 mura
162 3590 201 3651 slt
222 3590 272 3651 vel
294 3590 386 3652 homo
409 3592 535 3653 veihos
559 3592 606 3652 vei
629 3606 737 3668 equus.
793 3590 867 3652 Nam
889 3592 913 3650 si
939 3588 1010 3666 quid
1032 3589 1141 3664 ligura,

34 3676 207 3739 necessario
227 3692 354 3752 prorsus
377 3680 468 3738 etiam
493 3694 603 3755 corpus
627 3684 690 3753 est,
726 3693 788 3737 non
810 3676 890 3736 'vero
920 3677 947 3736 si
975 3674 1047 3749 quid
1075 3688 1143 3733 cor·

32 3778 105 3838 pus,
142 3764 318 3824 necessario
346 3765 436 3824 etiam
466 3765 573 3842 figora.
640 3763 745 3840 Neque
773 3763 799 3822 si
828 3763 900 3837 quid
929 3775 1055 3837 corpus,
1094 3757 1144 3818 vei

33 3848 225 3931 generabile,
248 3850 296 3910 vel
317 3850 483 3926 interibile,
507 3851 684 3911 necessario
706 3863 832 3926 prorsus
856 3849 947 3908 etiam
971 3846 1063 3907 homo
1085 3850 1144 3915 est,

32 3933 159 4011 qnando
179 3935 221 3996 ita
243 3934 366 4011 quidem
387 3937 479 3997 etiam
496 3935 589 3997 homo
607 3936 741 3996 omnino·
749 3936 925 4007 necessario
946 3935 1029 3994 esset
1047 3930 1143 4007 quod-

31 4035 154 4098 cunque
170 4036 312 4097 -corpus,
342 4022 390 4082 vel
420 4022 625 4098 quodcunque
647 4021 822 4100 generabile
844 4025 893 4081 est
913 4019 962 4078 vel
983 4017 1141 4087 interibile.

28 4103 106 4171 Nam
128 4107 158 4169 si
179 4107 252 4183 quid
273 4107 382 4182 homo,
411 4109 588 4170 necessario
609 4123 735 4183 prorsus
759 4108 850 4167 etiem
874 4120 1002 4182 corpus,
1036 4110 1067 4166 et
1087 4118 1143 4182 gc·

25 4193 184 4265 uerahile,
212 4200 244 4255 ει
264 4194 432 4267 interibile,
460 4211 523 4254 non
546 4210 620 4254 vero
643 4194 669 4253 si
692 4193 763 4270 quid
785 4209 924 4270 corpus,
941 4192 990 4253 vel
1012 4206 1142 4269 genera-

25 4278 106 4359 bile,
136 4279 187 4341 vel
208 4280 373 4352 interibile,
403 4282 579 4342 necessario
609 4296 735 4357 prorsus
763 4281 856 4342 etiam
883 4278 985 4343 homo.
1036 4275 1142 4352 Neque

20 4370 113 4433 enim
133 4367 259 4429 omnino
277 4367 399 4445 quaudo
416 4367 508 4429 homo
527 4373 585 4439 est,
608 4367 785 4431 necessario
798 4367 935 4444 sequitur
946 4370 981 4426 ut
995 4371 1026 4426 et
1041 4364 1142 4442 ligura
