2752 4778
445 961 722 1086 *nillil

22 1068 30 1181 i
106 1138 183 1216 DE
217 1134 418 1214 VARIIS
457 1130 852 1211 DIFFIOILIBUS
885 1136 1050 1217 LOCIS
1132 1176 1135 1181 ·

270 1268 333 1348 SS.
360 1269 431 1346 ΡΡ.
460 1271 628 1372 Dionysii
656 1281 693 1345 et
719 1268 884 1374 Gregorii

203 1416 257 1472 AD
280 1414 452 1473 THOMAM
475 1413 604 1472 VIRUM
627 1413 812 1472 SANCTUM
832 1416 955 1474 LIBER.

10 1542 262 1651 bncfismmo
295 1553 355 1628 dei
390 1577 513 1644 servo,
555 1552 650 1650 patri
685 1553 871 1651 spirituali
898 1565 934 1630 et
960 1559 1133 1658 magistro

412 1657 561 1730 domino
591 1652 753 1731 'llromae

10 1824 17 1829 ·
464 1785 688 1866 MAXIMUS

10 1878 195 2153 pumilio,
223 1940 408 2030 peccator,
437 1930 611 2032 indignus
631 1953 761 2007 servus
783 1941 820 2007 et
841 1933 1067 2033 discipulus,
1095 1936 1130 2013 S.

372 2067 528 2110 turibium
547 2069 601 2108 illo.
621 2068 685 2108 ΜΕ
701 2068 789 2109 insto.

66 2316 71 2325 ,
140 2269 194 2314 res
216 2251 343 2313 'divinas
373 2268 411 2311 co
441 2250 532 2314 studii
560 2254 665 2311 tenore
695 2266 817 2326 semper
846 2259 986 2314 versatus
1014 2271 1065 2330 es,
1098 2265 1133 2319 ul

148 2337 203 2399 ndi
233 2344 347 2400 certum
377 2343 407 2400 at
434 2338 557 2398 minime
585 2335 759 2398 mutabilem
788 2337 923 2400 habitum
954 2345 1063 2404 nactus
1088 2343 1131 2403 vi-

106 2440 141 2501 s,
171 2440 225 2506 per
254 2440 360 2502 quem,
392 2425 436 2484 vir
457 2425 517 2484 deo
540 2423 752 2497 dilectissime,
784 2441 846 2485 non
869 2431 986 2489 tantum
1009 2430 1131 2507 sapien·

101 2554 110 2586 ,
147 2510 204 2572 sed
240 2512 408 2589 sapientiae
441 2513 541 2588 ipsam
577 2509 831 2586 pulchritudinem
865 2527 969 2575 amore
998 2515 1131 2592 quodam

60 2598 126 2660 brlo
159 2598 366 2675 persequeris.
423 2596 477 2657 Est
510 2602 613 2657 antem
643 2597 813 2673 sapientiae
841 2598 1033 2674 pulchritudo
1062 2619 1130 2665 cum

82 2698 143 2746 one
166 2685 328 2746 coniuncta
351 2683 498 2761 cognitio,
530 2683 595 2743 slve
618 2683 772 2759 sapienter
793 2685 930 2746 instituta
951 2689 1040 2750 actio.
1087 2687 1131 2751 Ex

98 2784 207 2849 porro,
235 2775 381 2846 mironem
411 2785 450 2831 ex
478 2769 616 2845 uirisque
645 2767 842 2832 efflorescens
866 2774 1003 2835 nascitur
1023 2776 1132 2838 citara-

94 2899 103 2933 ,
126 2870 216 2934 quem
241 2856 367 2918 dixerim
388 2854 509 2916 divinae
532 2861 595 2917 tum
618 2855 826 2931 providentiae
848 2861 912 2919 tum
934 2860 1036 2922 iudicii
1059 2879 1132 2924 con·

84 2943 261 3022 platiouem.
308 2941 573 3017 Quemadmodum
597 2947 629 3002 lu
651 2957 772 3019 quoque
797 2948 929 3006 mentem
952 2948 1057 3010 sensui
1080 2965 1133 3026 per

59 3030 162 3093 iritum
190 3026 343 3105 indidisti,
371 3035 401 3088 ct
431 3028 522 3106 plane
551 3028 679 3089 docuisti
709 3030 856 3091 rationem
879 3047 941 3108 qua
963 3035 1131 3098 secundum

61 3132 110 3178 cm
132 3117 297 3195 imaginem
321 3114 397 3176 deus
421 3114 573 3176 bominem
599 3115 772 3176 condidisse
794 3115 996 3197 intelligetur,
1028 3120 1131 3184 simul·

63 3201 233 3264 edivitlas
262 3202 329 3263 cius
361 3201 555 3278 benignitatis
579 3201 823 3277 inaniiestavisti,
856 3205 907 3278 qni
928 3205 1132 3284 pulcherrime

94 3304 196 3350 rerum
217 3293 325 3364 sponte
347 3304 404 3349 sua
426 3288 645 3349 disiunctarum
668 3288 822 3363 miscella,
859 3293 990 3366 quaein
1013 3297 1043 3353 te
1066 3309 1132 3356 cer-

13 3372 116 3449 17777,
146 3373 306 3435 ostendisti
333 3375 424 3435 deum
454 3374 615 3436 virtutibus
644 3391 738 3451 posse
760 3377 963 3454 incorporari,
994 3379 1057 3451 dei,
1085 3381 1131 3440 in-

12 3458 128 3539 finum,
163 3461 299 3523 imitatus
329 3478 363 3522 es
386 3476 446 3519 non
470 3461 636 3540 incongrue
659 3460 873 3523 sublimitatem
896 3468 926 3524 et
948 3465 1131 3528 humiliatio

13 3558 107 3627 um,
130 3547 205 3609 dum
227 3564 287 3609 non
310 3546 485 3626 dedignaris
509 3548 601 3608 eliam
624 3548 664 3609 ad
687 3564 735 3608 mc
759 3548 956 3611 descendere
1003 3551 1130 3627 Quaeris

12 3634 124 3713 udone
152 3633 191 3697 de
220 3650 287 3695 me
300 3650 336 3695 ca
367 3647 446 3709 quac
468 3635 658 3711 penitissime
681 3636 867 3714 cognovisti,
897 3639 978 3712 capit
965 3637 1030 3700 tula
1052 3637 1129 3714 dico,

12 3716 100 3801 {nac
117 3736 157 3782 ex
176 3704 320 3799 Dionysio
339 3725 369 3781 et
387 3719 531 3799 Gregorio
551 3722 705 3800 proponis
732 3718 814 3783 Hos
831 3738 889 3801 ego
908 3722 1029 3800 quidem
1049 3726 1129 3788 viros

12 3804 202 3869 numerare
224 3805 309 3868 soleo
332 3810 411 3869 inter
432 3807 645 3869 sanctissimos
670 3806 960 3885 celeberrimosque,
986 3816 1016 3871 et
1038 3812 1131 3892 longe

13 3974 47 4029 ἱ
72 3972 121 4027 τδν
144 3990 195 4029 om.
214 3975 255 4026 ed
276 3975 332 4026 Gal
403 3980 427 4026 7.
453 3973 536 4026 iilum
554 3977 596 4028 cd.
618 3977 672 4027 tim
744 3976 767 4024 it
793 3974 831 4043 roi
857 3977 930 4026 abest
954 3979 986 4028 ab
1011 3980 1051 4034 cd.
1074 3981 1128 4032 Gal.

14 4038 46 4097 2
68 4039 164 4103 dulor
181 4044 225 4095 ed.
246 4043 303 4096 tici

89 4128 237 4195 *Scripsit
249 4130 316 4182 enim
331 4137 435 4198 praeter
448 4131 513 4182 lianc
530 4133 638 4198 primam
651 4130 726 4181 aliem
745 4129 778 4179 dc
797 4074 859 4180 his
853 4130 918 4196 ipsis
937 4130 1015 4181 rebus
1034 4133 1130 4198 episto·

14 4192 86 4261 hm,
109 4213 189 4263 qum
214 4198 275 4251 ideo
298 4214 348 4252 non
366 4199 494 4267 apposui,
521 4199 641 4264 quoniam
665 4197 728 4249 nibil
753 4199 807 4249 lere
831 4212 862 4249 ca
886 4199 1032 4251 continebat
1059 4200 1131 4254 nliud

12 4280 102 4391 cnm
120 4266 188 4319 lineo
211 4267 303 4335 prime.
346 4269 383 4320 lle
407 4275 482 4335 utroq
484 4285 516 4321 uc
540 4268 647 4320 Photius
673 4282 748 4319 snum
770 4266 894 4318 indiciam
914 4268 1034 4333 protulit,
1060 4270 1128 4333 qaod

45 4336 102 4388 de'
95 4353 121 4389 m
143 4283 305 4401 llyrioblblo
343 4334 429 4403 (Gale)

879 4408 924 4468 1*
