2752 4778
1073 213 1146 297 lta
1163 278 1167 285 .

15 396 56 465 ΙΙ
79 399 162 473 *clue
184 399 247 461 line
275 399 354 460 lnlru
375 403 424 461 εει
444 399 592 462 inlinitum
616 400 706 473 illud,
739 408 770 464 et
790 407 824 464 at
846 402 1022 482 simpliciter
1044 407 1147 468 vertas

15 478 151 561 menn,
182 502 222 548 en
244 489 387 547 aturribus
410 489 547 562 partibus
570 489 810 561 interminatum,
836 507 904 553 cam
928 492 1000 551 nibil
1024 496 1146 555 omnino

15 566 206 653 &undum
233 588 328 635 unuru
357 589 461 633 eorarn
486 588 564 648 quos
587 577 727 635 recensui
751 577 910 638 modorum
934 595 996 638 unu
1018 596 1085 639 cam
1109 596 1146 640 eo

14 654 162 741 cii'gltarl
188 656 304 737 possit·
351 656 542 737 Quocunque
572 662 651 720 enim
682 665 797 722 ratione
828 663 875 722 rel
905 665 996 725 ruodo
1018 665 1146 727 alteram

14 744 104 825 qnid
124 741 339 807 e'ssenllasuit
358 743 512 815 diversum
532 749 559 806 ei
577 748 721 823 applicari
742 764 835 825 posse
853 753 1060 821 statuerimus,
1083 759 1147 814 tola

14 828 128 897 tolla}
148 830 448 893 tntnmttsintione
469 834 569 908 ipsura
592 836 791 910 privabimus.
838 836 925 909 Quod
949 838 974 895 si
996 839 1145 899 inlinitum

14 914 147 997 dilatato
174 918 247 981 e'sse
265 916 337 980 enon
367 927 469 995 polest
499 937 568 980 cam
599 936 659 994 quo
690 936 727 980 ex
758 926 884 981 aeterno
914 924 1041 983 allcmm
1072 924 1145 998 qaid

14 1002 122 1069 munt
145 1004 230 1067 extet
251 1003 386 1083 essentia
411 1006 581 1074 diversum,
606 1008 760 1066 binilalern
784 1024 854 1069 esse
876 1009 1024 1069 ialmilam
1047 1009 1146 1072 baad·

14 1088 188 1171 quaquam
220 1093 310 1168 capit.
361 1090 453 1153 Calas
484 1091 790 1178 monadesinriccm
814 1096 869 1154 sibi
894 1098 1053 1171 appositae
1075 1113 1144 1156 carn

14 1170 121 1243 about
147 1176 443 1253 ex'lerrl,‘”inric'ern
473 1174 543 1239 ‘sese
572 1178 790 1251 determinant,
832 1188 863 1240 ει
892 1182 987 1242 altera
1016 1183 1144 1242 allerarn

13 1258 224 1349 fulcranin'ate
251 1264 345 1325 rideri
369 1261 525 1341 probibet,
540 1268 728 1341 ‚appositam
752 1266 873 1341 quidem
898 1270 971 1338 sibi,
1001 1269 1055 1326 sed
1082 1284 1144 1330 aaa

19 1346 229 1427 apparantem
252 1346 386 1423 b‘abens,
419 1353 559 1425 adeoque
582 1353 725 1412 videlicet
742 1353 899 1431 latinitatis
923 1369 993 1414 sese
1015 1355 1144 1414 laricem

19 1434 339 1515 filiano-'spoliant'
366 1480 370 1487 -
393 1433 457 1498 lam
480 1432 531 1511 sl,
568 1443 604 1497 at
637 1439 860 1510 demonstrari,
895 1440 1042 1500 inlinitum
1072 1457 1144 1501 esse

19 1518 303 1601 imitatem-'baud
334 1525 430 1599 capit,
468 1540 523 1583 nec
551 1523 635 1584 initio
664 1542 770 1607 cprere
798 1528 894 1601 capit,
928 1543 997 1587 carn
1026 1528 1143 1587 initium

23 1608 130 1675 orilais
153 1606 288 1670 birtilmis
303 1606 352 1670 ‘sit
373 1625 496 1685 monas,
531 1611 555 1669 si
581 1627 652 1670 vcro
675 1614 759 1672 initio
783 1629 842 1671 non
867 1608 967 1683 car'et,
998 1630 1055 1674 nec
1078 1628 1145 1673 uro·

23 1694 245 1768 nausearet,-
261 1693 330 1756 carn
353 1691 663 1756 numerosmoreatar
685 1715 723 1757 ex
747 1699 929 1759 monadibus
952 1716 1007 1775 per
1026 1701 1144 1760 adanu-

23 1779 159 1857 tonan,
190 1785 221 1844 el
234 1783 272 1843 in
296 1780 350 1843 eas
374 1778 546 1844 secundum
568 1780 800 1845 disiunctionem
825 1786 1018 1847 existentiam
1044 1792 1145 1846 trans·

26 1866 137 1946 aient}
166 1870 196 1931 sl
210 1866 284 1930 ntro
299 1865 515 1930 'non'mollone
533 1875 633 1939 caret,
658 1887 715 1930 nec
734 1870 859 1930 alterius
878 1872 1007 1932 alicuius
1026 1874 1143 1933 initiam

27 1950 108 2035 cisti
129 1954 240 2034 potest.
266 1952 271 1988 ἵ
293 1950 386 2030 and'
409 1952 490 2016 enirn
519 1960 658 2017 irroretur
687 1958 805 2017 initiam
835 1973 896 2016 non
926 1965 989 2029 est,
1019 1960 1073 2018 scd
1104 1975 1143 2020 ex

27 2036 132 2116 lollio,
149 2039 398 2121 ·ri‹lell·cet'''·eias
422 2039 501 2119 quod
526 2037 637 2102 m'orot.
688 2041 798 2103 Manus
822 2050 924 2104 aalear
948 2044 1013 2104 sola
1036 2045 1144 2104 inmm-

28 2124 177 2192 bitis-inst·
191 2124 340 2207 proprie,
354 2130 424 2203 quia
449 2143 548 2204 neque
571 2145 716 2190 numerus
738 2137 802 2204 est,
827 2145 927 2204 aeque
946 2128 1143 2190 numerabilis

29 2210 132 2294 aeqtte
161 2220 319 2277 numerata
355 2215 471 2292 (neque
500 2217 579 2274 enim
603 2232 674 2291 pars
698 2222 751 2276 aut
773 2221 866 2276 totum
892 2221 945 2276 aut
966 2216 1072 2276 relatio
1096 2222 1144 2276 cst

29 2300 182 2383 aranas),
202 2308 232 2362 et
262 2302 383 2377 proprie
412 2303 495 2360 initio
524 2318 651 2376 carens,
684 2303 755 2376 quia
778 2302 906 2363 alteram
930 2318 964 2361 se
987 2304 1142 2376 antiquius

28 2386 102 2452 nolr'
121 2387 230 2461 babet,
260 2388 350 2448 ande
378 2404 488 2471 monas
518 2404 589 2449 esse
617 2388 763 2464 accipiat,
800 2395 831 2447 et
859 2389 977 2449 infinita
1008 2391 1141 2464 proprie,

27 2472 245 2551 nibil'bubens
269 2471 350 2550 qnod
374 2491 478 2535 secum
501 2473 592 2536 simul
614 2480 696 2534 extet
719 2474 766 2534 rel
790 2475 880 2534 sirnal
903 2482 1083 2546 censeatur,
1114 2483 1144 2536 et

29 2558 148 2625 lalllulu
173 2556 310 2639 proprie,
340 2562 410 2636 qaia
433 2563 532 2621 omnis
555 2567 616 2621 tarn
640 2562 756 2620 numeri
777 2578 869 2636 quarn
892 2561 1143 2637 nurnerolriliset

30 2649 181 2713 numerati
210 2662 306 2707 caasa
335 2650 401 2718 εει,
434 2654 468 2708 ut
496 2663 575 2722 quae
604 2649 685 2706 omni
716 2649 862 2708 relatione
893 2653 923 2708 et
952 2649 1034 2708 omni
1056 2655 1142 2724 purte

29 2730 146 2809 et'tota
167 2734 285 2810 privata
308 2739 371 2801 est,
396 2739 427 2794 et
447 2735 567 2810 proprie
591 2749 628 2794 ac
650 2750 738 2808 vere,
761 2736 903 2811 primarie
926 2741 1018 2810 alque
1041 2735 1141 2795 salum

29 2826 61 2885 el
78 2816 274 2898 simpliciter,
294 2819 350 2879 sed
373 2818 457 2880 nullo
479 2821 571 2880 modo
594 2818 720 2895 allecta,
744 2822 840 2896 primu
863 2828 893 2891 et
916 2822 984 2880 solu
1006 2826 1091 2883 extat
1113 2824 1143 2881 et

28 2914 165 2971 monus·
204 2905 291 2980 Quod
311 2902 457 2966 ¹dicentes
489 2922 549 2967 non
572 2921 641 2966 cara
665 2913 698 2966 ut
721 2915 768 2967 est
791 2908 999 2984 significamus
1024 2910 1141 2969 beatam

28 2990 189 3068 deitatem,
225 2990 340 3052 inlinite
369 2991 538 3053 secundum
569 3010 692 3053 ornnem
722 3000 752 3052 ει
780 2995 926 3054 rationem
958 3000 988 3053 et
1019 2994 1143 3054 randum

29 3086 93 3143 tarn
117 3079 212 3142 menti
235 3094 328 3154 qaam
351 3081 460 3139 rationi
483 3080 565 3138 omni
588 3084 619 3139 et
640 3079 790 3139 vocabulo
810 3079 900 3155 plane
923 3080 1073 3139 dilbcilem
1097 3085 1144 3140 at·

30 3182 90 3244 que
119 3164 381 3240 inaccessibilem,
417 3165 472 3225 sed
501 3166 653 3226 nobismet
682 3167 756 3240 ipsis
780 3165 903 3224 limitem
927 3165 997 3224 lidei
1019 3167 1048 3224 in
1072 3180 1142 3224 eam

29 3252 190 3327 stabilem,
214 3252 364 3326 nobisque
381 3258 485 3328 aptam
509 3257 601 3326 atque
622 3251 767 3311 idoneam
790 3257 993 3326 praesternas.
1038 3249 1143 3326 Neque

28 3342 110 3403 enlm
140 3343 176 3399 ut
196 3339 488 3415 repraesentativum
511 3337 586 3412 hoc,
622 3337 764 3398 monadis
786 3339 912 3412 inquam
935 3336 1144 3409 nornen,‚dl-

27 3428 121 3488 vinae
148 3430 179 3484 et
208 3427 325 3507 beatae·
344 3425 499 3486 essentiae
529 3424 651 3484 divinas
685 3430 904 3484 commemorat
935 3439 1052 3493 senno,
1086 3422 1141 3484 sed

28 3510 68 3574 uti
96 3510 332 3573 monstrandam
362 3512 529 3586 perlectam
558 3511 624 3571 eius
648 3510 889 3585 simplicitatem,
919 3525 998 3584 qaae
1021 3525 1142 3570 omnem

28 3590 231 3675 quantitatem
260 3603 291 3658 et
320 3596 498 3673 qualitatem
528 3601 558 3656 ει
585 3596 766 3657 relationem
800 3596 935 3669 excedit,
976 3601 1010 3656 ut
1043 3611 1142 3670 neqae

28 3690 128 3748 totum
158 3683 273 3760 aliquid
302 3681 386 3745 velat
413 3700 452 3744 cx
480 3684 614 3759 partibas
644 3676 794 3758 aliquibus
824 3698 924 3756 acque
946 3686 1063 3759 purtem
1087 3681 1143 3741 all·

28 3788 120 3849 quarn
151 3786 190 3831 cx
217 3775 282 3831 toto
311 3770 412 3847 aliqao
442 3786 514 3831 esse
543 3785 611 3829 eam
642 3769 928 3828 animadvertamus.
981 3768 1035 3827 Est
1062 3769 1141 3827 enirn

28 3858 128 3920 deitas
143 3857 299 3934 superior
327 3858 408 3918 omni
439 3855 639 3917 disiunctione
667 3861 698 3914 ει
719 3856 930 3915 coniunctione
953 3860 983 3914 et
1004 3859 1090 3930 parte
1113 3857 1144 3913 ει

29 3950 110 4015 ιοιο,
143 3948 252 4020 atpote
281 3959 360 4019 quae
389 3947 475 4003 extra
504 3943 705 4017 quantitatem
736 3957 858 4001 onmem
889 3947 949 4011 est,
984 3947 1014 4001 ει
1036 3937 1141 4016 procul

28 4033 68 4093 ab
93 4031 176 4091 anani
197 4030 327 4106 positiva
349 4031 485 4090 extantia
502 4036 539 4089 ἐι
560 4027 715 4089 intellectu
738 4043 807 4088 earn
831 4027 934 4102 aliquo
958 4026 1048 4087 modo
1072 4043 1142 4087 esse

27 4118 208 4194 definiente,
237 4120 343 4192 utpote
365 4132 446 4192 qaae
464 4118 532 4177 sine
551 4115 698 4191 qualitate
718 4123 781 4190 est,
804 4120 835 4174 et
853 4115 934 4174 omni
953 4114 991 4173 ad
1012 4113 1141 4188 quodvis

27 4204 162 4267 alteruar
188 4202 314 4265 adnexu
340 4202 436 4264 libera
458 4211 550 4279 atque
572 4201 689 4276 solutu,
719 4208 767 4262 εει
788 4202 868 4262 enirn
892 4202 959 4260 siae
982 4200 1140 4275 relatione,

27 4307 108 4371 quae
130 4294 203 4351 ante
226 4307 261 4351 se
284 4292 461 4366 quicquam,
485 4294 538 4349 aut
560 4306 628 4350 cunr
653 4306 687 4348 se
710 4295 762 4349 aut
784 4293 854 4365 pasl
876 4305 911 4348 se
933 4304 993 4348 non
1017 4286 1141 4360 habeat,

28 4384 62 4438 at
90 4377 226 4439 ornaium
259 4379 412 4452 superior,
446 4392 547 4452 aeque
576 4390 646 4436 cum
669 4375 731 4436 ullo
754 4392 858 4436 eorum
882 4391 962 4450 quae
985 4380 1058 4435 sant
1079 4372 1142 4433 ulla
