2752 4778
226 223 299 298 394

226 409 286 470 τῶν
307 403 499 515 πραγμάτων
522 402 647 470 πάντων
668 403 814 483 δηλονότι
838 407 899 469 τῶν
921 403 1204 517 ἐπαινουμένων
1194 403 1252 472 ούκ
1266 405 1327 474 ἐστιν

225 484 324 576 ἔφη
297 515 384 555 ωτινι
409 484 479 598 ούγλ
511 489 635 566 πάντως
657 495 719 555 τῶν
746 486 793 555 ἐπ’
822 485 932 565 αύτοῖς
960 485 1136 603 ἧδομδνων
1166 490 1289 601 εύροις
1293 490 1328 571 τόν

225 577 414 655 ἐπαύξησιν·
438 604 453 655 η
441 574 577 654 ’ἐπειδη
593 583 666 685 τρία
682 573 851 686 προθεὶς“
835 602 852 642 ο
867 574 1107 654 διδάσκαλος’
1081 581 1257 684 ανωτέριν,
1277 578 1329 645 ἐστ·

226 661 297 743 τόν,
319 660 390 738 τοὺς
404 662 532 770 λόγους,
555 661 628 738 τούς
645 666 698 741 τῆς
715 659 825 769 άρετῆς
842 661 1024 742 ἐπαινέτας,
1050 664 1086 730 ἐν
1107 662 1244 742 τούτοις
1261 688 1330 753 πων·

226 745 332 851 λαβὼν
345 772 423 812 κατα
438 767 598 856 ρητορας
588 746 764 830 ἐξήπλωσε,
785 746 841 824 τάς
856 747 1024 857 ἐπαγωγάς
1037 761 1114 827 τοῖς
1127 757 1240 835 τρισίν
1252 751 1331 838 ἐφοη

225 832 348 914 μόσας,
369 860 422 898 και
413 831 497 910 ἐξ
485 839 598 900 εαυτού
612 833 769 920 πρότερον
785 839 837 912 τῆς
851 830 1041 912 ἀποδόσεως
1056 833 1174 945 άρξάμ
1176 862 1262 917 ενος,
1281 832 1332 904 τίνι

226 917 279 984 διά
293 923 399 1001 μέσων
411 923 473 984 τῶν
463 916 595 1027 άρετῆς
612 921 782 986 ἐπαινετῶν
795 918 944 1003 διελδιδν,
966 921 1012 997 εἷς
1027 922 1107 999 τούς
1121 921 1368 1008 λόγουςαλτλς

227 1005 423 1116 66669666,
451 1001 493 1081 ῶς
512 1012 564 1085 τῆς
585 1004 663 1072 κατά
687 1006 741 1072 τόν
765 1006 858 1089 άγιον
874 1012 1054 1073 Βασίλειον
1076 1004 1278 1088 §nomem
1294 1016 1332 1075 καί

227 1088 311 1180 αύτῷ
326 1094 522 1175 πρεπούσης,
547 1088 589 1168 ῶς
604 1092 801 1203 διδασκάλῳ,
824 1098 877 1158 καὶ
893 1118 948 1159 του
935 1092 1069 1203 λόγου
1086 1099 1334 1207 προβεβλημένφ

81 1179 184 1223 ‘⁰6³¹
200 1196 217 1224 ³·
213 1184 280 1244 καὶ
302 1189 369 1254 τοῖς
387 1176 432 1266 λ’
413 1183 560 1288 αγαπῶσι
583 1176 637 1258 τὴν
659 1175 787 1263 άρετην,
815 1176 910 1261 ιἠγουν
932 1189 1000 1254 τοῖς
1029 1177 1132 1261 αύτῆς
1162 1186 1367 1260 ἐπαινέτας,

226 1268 463 1376 πεποδημένης,
487 1260 542 1330 οἷα
556 1268 700 1331 ποδούσι
718 1269 834 1348 γνῶναι
852 1265 924 1342 τοὺς
942 1264 1083 1349 τρόπους
1099 1272 1160 1347 τῆς
1180 1267 1236 1334 διά
1252 1267 1334 1354 μιμὴ·

227 1375 306 1428 σεως
328 1352 373 1426 είς
395 1347 507 1435 άρετύην
529 1351 719 1428 ἐπιδόσεως,
749 1356 802 1416 καὶ
825 1361 893 1428 τοίς
914 1350 1025 1434 λόγοις
1047 1350 1168 1431 αύτοῒς
1189 1296 1334 1464 άρμοζού·

226 1462 298 1548 οης,
327 1435 368 1514 ῶς
390 1437 631 1546 ἐκφαντορικοῖς
654 1441 716 1501 τῶν
738 1435 804 1502 κατ
827 1434 939 1545 άρετῆν
960 1441 1075 1502 καλῶν.
1141 1440 1273 1518 Παντδς
1288 1445 1334 1525 μὲν

227 1516 283 1590 ούν
311 1521 427 1607 άνδρδς
452 1524 566 1606 βίου’
555 1523 685 1607 ε’γοντος
712 1522 790 1589 κατά
813 1522 929 1588 θεόν’
915 1522 1176 1610 επαινούμενον,
1208 1527 1331 1612 μάλιστα

226 1614 261 1675 δέ
282 1615 458 1675 Βασιλείαν
486 1613 542 1675 τού
563 1608 662 1691 πάνυ,
695 1608 753 1675 κάν
774 1635 807 1675 τε
829 1612 990 1719 666660301
1013 1614 1129 1676 πάσαν
1153 1620 1331 1697 περιλαβεῖν

226 1701 279 1760 καλ
302 1695 404 1777 ῶςπερ
427 1695 535 1760 εἰκόνα
559 1697 661 1773 ζῶσαν
681 1701 734 1761 καλ
700 1694 895 1806 ἐμψυγον
912 1692 1082 1772 δποδεῖξαι
1104 1709 1181 1777 τοις
1193 1700 1332 1807 ἐρασταῖς

227 1778 281 1861 την
304 1808 359 1846 του
346 1778 536 1865 άνδρδς’
517 1780 645 1893 αρετῆν,
675 1779 733 1846 κάν
752 1807 784 1847 τε
805 1809 858 1891 μη
870 1785 1031 1892 δυνηθῶσι
1056 1787 1118 1848 τού
1122 1785 1259 1897 ταύτης
1275 1786 1331 1872 δην·

226 1870 343 1933 κίσθαι
375 1871 548 1951 μεγέθους,
580 1865 627 1934 ἐπ’
661 1865 791 1945 ούδενός
819 1859 875 1934 ούν
903 1863 960 1934 ούκ
988 1866 1058 1934 ἐστι
1089 1875 1158 1937 τῶν
1188 1869 1328 1950 άπάιτον,

227 1959 280 2020 καλ
309 1952 407 2037 λόγου
435 1960 489 2019 καὶ
518 1958 665 2066 λέγοντος
692 1962 745 2021 καὶ
775 1952 964 2034 άκούονιος,
998 1951 1058 2066 ἐφ’
1091 1949 1189 2044 ᾧτινι
1224 1958 1260 2025 τό
1290 1962 1328 2037 τῆς

226 2037 411 2117 ύποθέσεως
434 2039 532 2107 καλόν
555 2038 614 2126 ούχ
635 2038 788 2127 άρμόσει,
819 2040 835 2120 6
831 2038 968 2118 καδῶς
989 2021 1140 2129 άνωτύρω
1163 2042 1326 2131 άκριβύοιτ

227 2153 284 2213 ρον
304 2130 427 2212 μάλλον
450 2126 627 2207 ἐξήτασται

63 2293 219 2341 annuntium
231 2268 306 2339 Τοῦ
332 2264 449 2337 αὐτοῦ
472 2265 511 2336 ἐκ
529 2269 607 2336 τῶν
631 2263 767 2348 Ἑπῶν,
804 2265 853 2344 τίς
876 2260 935 2348 τὸ,
972 2260 1109 2351 Παίζει
1135 2262 1215 2390 γάρ
1238 2263 1324 2364 λόγος

64 2343 166 2391 Ρτετικριι
194 2343 218 2383 τά

134 2390 219 2444 νων,
280 2365 428 2449 αλπδς
413 2388 452 2440 εν
477 2363 585 2439 εἴδεσι
607 2361 900 2449 παντοδαποῖσι,
936 2362 1210 2459 ΙΙ(ρίνοις,ῶς
1157 2346 1353 2549 6⁵66.

103 2407 145 2484 ι2.
141 2453 185 2485 tom
195 2447 218 2484 ΙΙ.

63 2395 111 2546 66
125 2498 218 2536 νυνι
279 2478 353 2555 λοι,
381 2465 524 2562 κόοαον
549 2465 636 2541 ³666
659 2468 754 2542 ἔνθα
778 2495 838 2542 και
828 2466 969 2542 ἔνθα

64 2549 106 2586 ned.

323 2594 440 2707 :mina
470 2596 525 2661 τόν
553 2602 627 2663 νούν
656 2593 696 2674 ῶς
725 2597 777 2662 διά
801 2602 960 2683 κλείθρων
982 2601 1077 2662 τιτῶν
1098 2602 1165 2664 τῶν
1187 2624 1322 2708 φαινομνι

229 2710 287 2750 νων
317 2681 334 2749 6
363 2687 461 2768 μέγας
483 2688 586 2767 Δαςλλδ
615 2681 693 2749 κατά
717 2682 817 2768 μόνην
838 2689 947 2749 πίστιν
969 2680 1002 2748 ἐν
1023 2682 1183 2769 πνεύματι
1202 2684 1281 2771 πρός
1299 2683 1323 2749 τά

229 2769 322 2850 νοητά
356 2770 504 2846 διελάσας
538 2768 667 2846 ἐδέξατό
701 2796 771 2835 τινα
806 2768 892 2875 παρά
927 2770 979 2847 τῆς
1007 2774 1103 2846 δειας
1133 2779 1255 2857 σοφίας
1279 2775 1324 2836 τῶι

229 2857 365 2941 ἐφικτῶν
392 2853 579 2967 άνθρῶποις
606 2861 787 2966 μυστηρίων
810 2855 966 2966 ἐμφασιν,
996 2854 1084 2937 τότε,
1117 2850 1315 2968 καθάπερ
1288 2883 1324 2923 οι·

176 2960 303 3026 ,7.μαι,
316 2946 453 3052 φησὶν,
481 2939 642 3048 ’Ἁβυσσος
669 2941 813 3022 ἄβυσσον
842 2942 1038 3008 ἐπικαλεῖται
1068 2943 1114 3019 εἷς
1147 2943 1255 3028 φωνην
1280 2924 1357 3008 τύιλ

228 3054 451 3137 καταρρακτων
474 3037 549 3094 σου
573 3028 697 3104 τούτοις
719 3028 834 3134 τυχόν
837 3026 1134 3137 ἐνδεικιιύμενος,“
1112 3056 1165 3094 οτι
1189 3030 1252 3107 πᾶς
1270 3033 1325 3104 νούς
1349 3000 1358 3156 1

227 3113 439 3200 θεωρητικός,
471 3107 524 3180 διά
553 3142 584 3181 τε
615 3114 649 3180 τό
681 3115 759 3180 κατά
790 3114 886 3220 φύσιν
917 3111 1058 3218 άόρατοι
1087 3122 1142 3180 καὶ
1173 3116 1209 3181 τό
1238 3117 1356 3199 βάθος

227 3208 280 3269 καὶ
308 3207 435 3283 πλῆθος
463 3207 524 3267 τῶι
552 3200 715 3285 νοημάτων
744 3198 874 3306 άβύσσιρ
888 3198 1093 3306 παρεοιιιῶς,
1128 3202 1260 3269 ἐπειδάν
1280 3205 1325 3268 τῶν

228 3294 427 3398 φαινομένων
455 3287 583 3394 διαβάς
595 3292 703 3354 πᾶσαν
726 3315 780 3368 την
803 3265 1029 3371 διακόσμησιν,
1060 3293 1113 3352 καὶ
1138 3289 1186 3365 είς
1207 3290 1261 3368 τῆν
1280 3291 1327 3352 τῶι

228 3380 346 3456 νοητῶν
373 3372 483 3462 χῶραν
511 3374 694 3484 γενόμενος,
728 3381 781 3439 καὶ
805 3372 923 3439 τούτων
944 3373 1040 3438 πάλιν
1063 3372 1145 3438 κατά
1169 3380 1276 3442 πιστιν
1295 3376 1326 3479 τῷ

191 3526 194 3530 ,
229 3464 363 3550 σφοδρῷ
394 3464 447 3540 τῆς
478 3459 629 3540 κινήσεως
659 3457 802 3568 άπεργλάς
824 3457 878 3540 την
907 3455 1112 3567 εύπρέπειαν,
1155 3457 1205 3566 ἐφ’
1233 3457 1327 3526 ἑαυτόν

230 3553 302 3638 στῇ,
333 3545 478 3631 πεπηγῶς
500 3545 683 3612 παιτάπασι
707 3554 760 3614 καὶ
783 3541 944 3628 άκίνητος,
973 3543 1081 3610 διά
1049 3572 1103 3626 την
1127 3547 1255 3615 πάντων
1270 3543 1326 3611 διά-

228 3641 339 3740 βαοιν,
369 3638 534 3714 τηνικαῦτα
558 3633 611 3712 τῆν
634 3639 727 3699 θείαν
750 3632 885 3708 δεόντως
908 3635 1102 3697 ἐπικαλεῖται
1122 3640 1260 3746 σοφίαν,
1286 3656 1326 3708 την
1355 3533 1365 3738 6

81 3734 184 3778 6¹26
203 3740 221 3781 ν
230 3718 328 3797 όντως
350 3746 381 3785 τε
408 3725 460 3786 καὶ
483 3715 609 3798 άληθῶς
630 3720 633 3806 6
654 3719 733 3786 κατά
755 3718 808 3800 τὴν
830 3723 955 3829 6666ch
970 3716 1170 3799 άδιεξίτητον
1193 3720 1324 3832 άγλυσοον

230 3805 335 3917 φωνην
365 3803 449 3894 αύτῶ
477 3810 588 3871 δοῦναι
619 3811 678 3872 τῶν
707 3812 807 3871 θείων
825 3801 1080 3916 καταρρακτῶν,
1113 3803 1183 3873 ἀλλ’
1210 3805 1265 3873 ούκ
1284 3800 1325 3868 αύ

229 3897 300 3969 τοὺς
336 3892 406 3968 τούς
439 3888 674 3998 καταρράκτας,
712 3892 816 3994 ὅπερ
822 3891 907 3958 ἐστὶι
935 3892 1076 3976 ἐμφασίν
1106 3919 1179 3958 τινα
1208 3899 1326 3964 πίστεως

229 3978 401 4091 γιωστικην
430 3981 490 4044 τῶν
509 3985 591 4087 ,ιπερὶ
620 3976 656 4043 τό
687 3982 750 4043 πᾶν
781 3976 831 4058 τῆς
860 3984 954 4054 θείας
978 3983 1137 4063 προνοίας
1165 3978 1285 4088 τρόπων
1304 3999 1326 4040 τι

228 4072 281 4132 καὶ
311 4065 412 4150 λόγων
442 4064 540 4130 αἰτῶι
569 4061 805 4144 δποδέξασδαι,
841 4062 879 4129 δι’
910 4089 943 4144 ης
971 4068 1157 4176 μνησθῆναι
1182 4065 1325 4147 δυνάσται

229 4156 284 4217 τού
315 4151 438 4218 6606
425 4178 458 4216 εκ
486 4155 541 4233 γῆς
564 4147 727 4235 Ιορδάνου
757 4158 809 4217 καὶ
835 4149 868 4213 Γ
855 4176 1032 4234 ομοιιειμ,
1070 4149 1102 4217 ἐι
1135 4145 1231 4243 ἧτης
1253 4155 1326 4220 δτίςα
1360 4138 1368 4338 ³

231 4277 295 4284 --..

302 4326 322 4374 l.
329 4279 444 4375 *cain-au
460 4322 500 4373 ed
522 4317 635 4387 Κιονάς.
690 4323 713 4370 2
734 4317 1141 4384 eai116118666,qu0‹1tenio
1164 4323 1324 4376 Ιοοονιίολο·

229 4393 299 4459 apud
319 4393 458 4445 Maximum
479 4399 565 4450 extat,
591 4391 637 4440 sed
657 4390 737 4440 altero
756 4390 816 4438 λιεω
836 4385 934 4438 ἐθέλοι.
1354 4378 1368 4725 Ι
