2752 4778
187 169 220 218 Vl

189 373 277 463 Sed,
316 380 367 443 ut·
385 369 430 443 ad
458 391 536 441 rem
563 376 740 453 revertar,
778 363 848 436 sub
876 363 999 461 ipsum
1025 361 1126 434 illud
1154 372 1304 462 tempta

189 506 209 550 a
230 473 542 561 Schoenemann0‚
567 468 815 542 bibliothecae
839 462 1190 564 Guelpherbytanae
1213 474 1295 541 tunc

190 579 389 678 praefecto,
431 575 510 647 viro
552 581 587 645 et
622 570 828 670 gratissima
861 578 897 641 et
924 568 1089 667 piissima
1123 569 1285 643 memoria

190 704 334 778 semper
362 677 534 766 colendo,
569 675 701 748 certior
730 698 813 746 sum
843 674 961 745 factus
994 670 1040 743 de
1068 672 1282 768 praestantia

191 786 285 859 simo
313 781 437 856 codice
464 775 632 853 Gudiauo
661 776 719 848 39.
744 772 821 866 Gn,
864 773 927 872 qui
954 783 1099 872 praeter
1126 773 1202 847 alia
1225 772 1284 848 Me

192 886 283 962 ximi
309 908 434 982 opera,
469 880 587 954 multo
616 879 845 954 emendatius
872 888 1016 951 servata
1043 902 1155 974 quam
1183 888 1287 952 essem

193 985 457 1062 aOombefisio
487 984 597 1075 edita,
635 983 817 1057 ineditum
850 1005 994 1107 qpoque
1023 979 1177 1054 haberet
1205 979 1287 1054 illud

194 1090 378 1191 egregium
409 1112 499 1186 opus
530 1085 611 1178 arpi
635 1080 839 1179 ,Ιιαφόρων
876 1089 1048 1173 Anopruiv
1079 1088 1156 1153 τῶν
1181 1079 1289 1182 ἁγίων

157 1217 160 1222 ’
195 1190 397 1266 Διονυσίου
429 1187 489 1261 καὶ
517 1186 722 1282 l'pppopiou
753 1184 843 1280 πρὸς
868 1190 1005 1272 Θωμᾶν
1036 1181 1101 1256 τὸν
1125 1181 1289 1281 ἡγιασμέ-

196 1323 282 1383 uoa·
341 1290 491 1393 Optanti
520 1292 598 1366 eius
625 1288 715 1362 libri
747 1289 890 1387 copiam
922 1287 1059 1360 habere
1091 1288 1291 1365 humaniter

196 1398 342 1488 annuit,
379 1394 549 1472 codicem.
569 1392 781 1466 transmisit.
844 1389 972 1463 Inveni
1002 1415 1095 1489 opus
1124 1414 1159 1481 ,s
1186 1391 1291 1473 issum

197 1510 305 1600 atque
322 1500 499 1587 arduum,
526 1505 570 1570 ut
582 1494 746 1595 appellat
759 1490 1065 1567 Montefalconius
1080 1415 1195 1566 Catali.
1208 1490 1290 1577 bibi

196 1598 305 1676 Coisl.
328 1629 361 1700 p.
376 1602 459 1673 311.
513 1597 546 1672 N
549 1625 588 1673 ec
617 1622 770 1696 parvum
792 1607 869 1670 erat
894 1594 1180 1671 transscribendi
1214 1588 1291 1688 eidi

197 1731 263 1780 nec
289 1704 407 1777 taedio
433 1727 583 1792 vacans,
627 1701 691 1776 sed
720 1701 949 1791 fructuosus,
993 1710 1036 1772 ut
1062 1700 1290 1789 confidebam,

195 1807 313 1882 labor.
366 1803 486 1878 Multa
514 1808 658 1878 inerant
688 1827 863 1902 perquam
893 1802 1081 1876 subtiliter
1109 1802 1305 1901 disputata,¹

198 1911 316 1993 multa
343 1911 482 2007 egregie
503 1918 738 2006 pertractata,
773 1906 934 2004 plurima
963 1905 1106 1979 utiliter
1128 1906 1305 2006 exposimi

187 2004 269 2087 'non
300 2036 413 2110 pauca
449 2035 540 2109 quae
575 2011 760 2108 abripiant
794 2011 934 2082 animos
967 2009 1242 2108 castissimoque
1265 2014 1305 2082 ct*

196 2115 388 2191 mitissimo
421 2117 504 2213 igne
538 2112 760 2212 perfundant
785 2123 822 2186 et
849 2137 920 2210 quo
947 2111 994 2185 ad
1021 2114 1182 2185 sanctius
1208 2113 1292 2187 vitae

196 2243 308 2294 oenus
341 2217 887 2292 instituendumaccendamur.
953 2211 1025 2289 Sed
1051 2225 1176 2290 tamen
1204 2216 1291 2290 dolo

194 2280 281 2396 bam
314 2321 411 2418 quod
439 2345 530 2419 opus
552 2330 627 2394 tam
654 2319 798 2395 varium
820 2330 967 2416 tamque
992 2319 1197 2418 copiosum,
1230 2320 1294 2394 tau

196 2424 371 2525 gravitate
415 2447 524 2521 quam
556 2421 784 2497 sublimitate
817 2422 1167 2497 commentationum
1204 2445 1294 2522 prae·

197 2537 295 2600 stans
315 2525 458 2599 tamdiu
484 2526 649 2624 ignotum
675 2527 824 2617 iaceret,
859 2550 901 2598 ac
924 2526 1065 2617 statim,
1098 2524 1129 2599 si
1158 2524 1296 2624 quando

197 2628 313 2702 otium
343 2629 454 2718 foret,
487 2627 593 2703 edere
623 2628 722 2702 illud
751 2631 790 2702 in
825 2629 989 2701 animum
1019 2629 1164 2702 induxi.
1230 2624 1297 2703 Nec

195 2730 366 2804 hesterna
396 2740 451 2802 est
479 2733 556 2804 eius
579 2732 694 2823 fama,
728 2732 759 2806 si
784 2730 932 2831 quidem
953 2727 1105 2805 Ioannes
1126 2732 1201 2805 iam
1223 2726 1297 2805 Sco·

196 2843 255 2906 tus
280 2834 385 2907 iussu
407 2827 530 2907 Caroli
552 2830 656 2907 Calvi
681 2833 854 2909 Latinum
875 2833 974 2907 illud
995 2835 1114 2909 facere
1137 2833 1230 2909 olim
1252 2833 1298 2907 in·

196 2936 326 3010 stituit.
387 2933 501 3011 Cuius
527 2937 704 3010 versionis
733 2930 1009 3029 eOluniacensi
1032 2935 1300 3013 bibliothecas

195 3036 329 3112 Ioanne
356 3038 535 3114 Mabillon
569 3039 753 3138 quondam
788 3050 951 3140 receptae
987 3051 1022 3114 et
1054 3065 1140 3115 cum
1165 3038 1300 3114 Thomu

197 3137 287 3216 Gale
327 3145 615 3218 communicatae
650 3143 823 3241 reliquias
864 3151 966 3241 (nam
998 3144 1029 3216 si
1063 3166 1135 3215 non
1172 3142 1301 3233 omnia,

197 3255 293 3320 certe
334 3247 443 3345 plura
484 3247 636 3321 vertisse
679 3243 852 3321 Ioannem
886 3242 1036 3323 Scotum
1068 3268 1180 3345 quam
1214 3265 1303 3346 quac

195 3360 408 3423 manserunt
439 3361 589 3448 apparet
620 3360 700 3423 tum
732 3375 777 3424 ex
803 3349 1031 3453 praefatione
1053 3349 1190 3447 ipsius,
1224 3361 1303 3423 tum

195 3477 241 3525 ex
261 3453 344 3525 loco
365 3451 411 3526 de
436 3450 627 3526 Diuisione
650 3451 812 3526 Naturae
833 3451 952 3550 operis
975 3476 1009 3548 p.
1028 3449 1111 3523 210.
1138 3451 1194 3525 ed.
1213 3449 1302 3537 Gal,

194 3555 262 3629 ubi
286 3554 491 3654 capitulum
514 3557 833 3655 quadragesimum
855 3556 1019 3654 primum
1041 3552 1086 3627 de
1107 3552 1305 3655 Ambiguit

195 3659 283 3732 citat
315 3662 354 3732 in
375 3653 587 3732 Orationem
611 3657 682 3735 Gre
706 3659 776 3733 orii
799 3654 1018 3733 Nazianzeni
1047 3657 1093 3731 de
1116 3653 1306 3744 Paschate‚

195 3771 231 3831 et
250 3761 359 3859 plura
374 3762 524 3836 videtur
547 3762 658 3835 etiam
678 3685 923 3836 dombefisius
944 3760 1138 3852 habuisse,
1172 3763 1204 3833 si
1226 3760 1307 3835 eius

194 3860 308 3934 verba
328 3867 366 3938 in
392 3859 865 3940 Biblioth.Ooncionat01ia
885 3876 973 3939 tom.
990 3863 1017 3937 l.
1041 3863 1175 3964 posita,
1202 3863 1307 3938 inde·

195 3989 265 4064 que
288 3966 327 4037 in
343 3964 502 4043 Fabricii
516 3966 694 4042 Biblioth.
713 3965 773 4044 Gr.
790 3977 880 4042 tom.
896 3965 1010 4070 IX..p.
1022 3965 1106 4041 673.
1125 3967 1182 4042 ed
1198 3963 1306 4041 Harl.

195 4069 357 4165 repetita,
382 4097 466 4145 cum
480 4069 649 4171 Fabricio
666 4082 762 4147 recte
780 4069 1015 4171 interpretor)
1033 4070 1152 4147 edidit
1167 4071 1227 4144 vir
1242 4069 1307 4149 lit·

194 4181 356 4244 terarum
376 4173 489 4247 laude
510 4174 791 4250 florentissimus
808 4173 967 4250 Thomas
986 4171 1077 4251 Gale
1098 4174 1145 4249 ad
1164 4170 1308 4251 calcem

144 4376 147 4380 ,
192 4269 376 4347 librorum
400 4272 434 4346 V
460 4270 493 4349 S.
518 4274 673 4368 Maximi
699 4276 781 4373 napi
809 4271 969 4351 Φύσεων
1003 4282 1219 4371 Μερισμοῦ,
1256 4275 1308 4351 ab
