2752 4778
1058 114 1135 252 rar

10 362 113 433 istu„
131 342 258 432 pudoris
281 354 502 426 velamentum,
538 356 718 430 passionum
740 357 861 435 fugam,
898 362 1015 435 peccati
1037 363 1132 423 aboli-
1225 379 1234 418 ·.

14 444 149 518 baem,
191 437 343 517 omniurn,
383 447 416 504 ut
448 444 631 502 unoverbo
666 444 940 520 comprehendam,
981 450 1131 511 malorum

18 528 330 605 dronmsuripbouem
360 535 390 589 et
420 528 720 589 exterminationem:
756 546 834 605 quae
858 532 978 606 quidem
1002 551 1054 610 per
1078 555 1131 596 vo-

19 614 186 683 luntariam
216 614 477 676 mortificationem
510 616 606 675 sancti
634 617 889 701 impetraverunt,
928 636 1023 694 seque
1051 623 1132 683 vitae

21 700 159 779 hospites
182 707 274 777 atque
295 703 473 780 peregrinos
496 701 709 763 exhibuerunt.
763 703 836 764 Cum
860 706 982 779 mundo,
999 709 1078 769 enim
1101 716 1132 771 et

23 804 148 866 corpora
166 793 202 849 et
223 785 424 869 seditionibus
447 789 520 849 inde
543 789 623 848 natis
643 790 782 866 gnaviter
800 791 971 868 colluctati,
994 794 1130 855 fraudem

23 874 102 943 llam
130 891 180 935 ex·
198 876 347 935 ambobus
370 875 540 936 secundum
564 891 710 936 sensuum
734 893 803 937 cum
827 878 1024 940 sensualibus
1047 898 1131 942 com-

25 960 145 1039 plexum
173 962 310 1021 obortam
341 960 545 1035 suffocarunt,
581 963 762 1037 animaeque
791 965 848 1024 sibi
876 964 1003 1026 liberam
1026 984 1131 1029 sarva-

26 1053 92 1109 nm
117 1048 328 1121 auctoritatem
358 1064 394 1107 ac
417 1048 611 1125 dignitatem,
642 1054 675 1108 ut
697 1066 753 1124 par
774 1056 840 1111 erat
855 1042 999 1128 'omnino;
1033 1071 1131 1130 quan-

26 1132 182 1209 doquidem
211 1139 454 1194 consentaneum
484 1150 556 1195 esse
586 1140 616 1193 et
643 1136 773 1212 iustum,
800 1138 908 1212 potius
938 1144 971 1198 ut
1000 1142 1087 1214 peius
1112 1158 1138 1217 a,

28 1220 146 1289 rudiori·
159 1219 379 1298 profligaretur
409 1222 577 1281 censebant
607 1236 698 1295 quam
728 1228 762 1282 ut
791 1224 902 1283 melius
932 1243 960 1285 a·
977 1227 1070 1300 peiori
1099 1229 1130 1287 in

29 1306 142 1367 meula
173 1307 373 1367 coniceretur.
439 1306 524 1380 Quae
555 1308 658 1382 utique
685 1308 735 1367 lex
761 1313 809 1368 est
837 1310 938 1370 divina
967 1317 1057 1387 atque
1085 1315 1129 1374 cis

23 1392 192 1467 anim-qui
221 1393 300 1461 vitae
330 1409 430 1471 genus
460 1394 621 1470 elegerunt
643 1395 681 1453 ab
705 1396 904 1456 rationalibus
921 1399 1131 1477 -principaliter

30 1478 146 1557 dignum
176 1478 328 1552 adamari,
372 1479 454 1554 quod
486 1481 567 1539 vitae
598 1495 695 1557 genus
725 1498 780 1556 per
807 1482 1010 1561 frugalitatem
1040 1501 1130 1547 suam

30 1564 201 1643 augelorum
225 1564 397 1625 aemulatur
418 1565 629 1625 sufficientiam
653 1573 745 1641 atque
768 1569 870 1628 otium.

31 1752 129 1847 Quod
160 1755 277 1855 sancti
313 1779 387 1828 non
419 1764 463 1828 ut
496 1779 580 1847 nos,
626 1780 745 1854 neque
778 1758 939 1832 namrati
972 1768 1129 1834 contem·

70 1858 236 2036 Elaitiffire
264 1882 383 1959 neque
410 1883 477 1958 per
503 1882 622 1932 sacras
649 1859 790 1934 litteras
819 1862 1026 1937 initiatione
1054 1873 1130 1940 ute:

98 1987 144 2036 an
208 2018 216 2035 .

126 2097 190 2160 Sed
212 2099 328 2160 reversi
351 2100 456 2159 ordine
478 2101 516 2160 ad
541 2116 678 2176 eaquae
702 2106 793 2160 antea
816 2102 1061 2164 examinavimus
1084 2122 1132 2165 re·

34 2184 104 2261 liqna
123 2186 398 2247 transformationis
420 2203 474 2262 pro
496 2187 574 2246 virili
595 2195 681 2262 parte
703 2187 868 2247 deliberata
891 2188 1075 2261 adiciamus,
1097 2199 1132 2252 ut

34 2276 196 2335 auctorum
218 2272 250 2332 in
271 2274 424 2333 universis
446 2273 589 2349 perfectio
612 2280 641 2334 et
654 2276 782 2335 ¹sincera
804 2272 931 2333 affectus
952 2277 982 2333 in
1007 2293 1130 2339 carnem

35 2361 236 2421 amalerium
265 2359 407 2435 proclivis
429 2360 555 2420 libertas
579 2367 748 2436 spectetur,
782 2364 813 2418 et
836 2360 917 2435 quod
941 2377 1001 2420 non
1021 2365 1051 2422 in
1074 2383 1131 2426 no-

35 2447 117 2507 raum
145 2462 261 2508 morem
291 2447 350 2520 ipsi
380 2462 501 2522 quoque
531 2447 579 2506 vel
610 2448 813 2507 conditionem
841 2446 891 2505 vel
914 2463 1031 2508 sacram
1056 2454 1131 2511 scri-

35 2536 141 2606 mrem
169 2531 363 2595 materialiter
391 2537 483 2607 atque
516 2533 668 2594 humiliter
701 2533 1003 2610 contemplabantur,
1039 2539 1129 2598 modo
1207 2587 1210 2594 .

35 2632 116 2681 tarsu
142 2624 174 2680 et
205 2620 368 2694 speciebus
401 2627 432 2679 et
466 2620 571 2696 figuris
602 2620 640 2680 ad
677 2620 892 2696 acquirendam
927 2621 1049 2683 beatam
1081 2625 1130 2686 dei

35 2706 241 2783 cognitionem,
264 2710 295 2766 et
316 2705 422 2766 litteris
441 2706 628 2782 syllabisque
646 2707 777 2781 utendo,
802 2706 883 2766 unde
902 2708 1032 2769 titubare
1050 2711 1131 2772 circa

34 2793 155 2854 veluus
175 2791 320 2855 iudicium
343 2807 380 2852 ac
401 2792 464 2853 falli
493 2795 656 2870 contingit,
692 2795 746 2854 sed
777 2799 879 2853 mente
908 2795 973 2856 sota
1002 2798 1130 2872 purissi-

35 2891 72 2938 na
91 2880 234 2954 omnique
257 2879 407 2939 materiati
429 2878 559 2956 caligine
581 2880 716 2940 liberata.
764 2878 898 2953 Quodsi
921 2882 1063 2960 religioso
1085 2886 1130 2945 uti

34 2960 290 3043 indiciovolemus
312 2966 343 3024 iu
366 2965 556 3026 sensualium
579 2965 822 3027 intellectualiter
842 2970 1056 3031 examinandis
1081 2988 1129 3031 ra-

34 3048 167 3128 tionibus,
198 3051 230 3112 in
258 3051 376 3111 firmam
405 3052 454 3111 dei
484 3069 520 3111 ac
549 3052 718 3121 divinorum
741 3070 795 3113 eos
819 3056 1022 3130 cognitionem
1046 3063 1145 3117 recta·

34 3135 71 3197 vla
88 3137 289 3215 procedentes
310 3141 365 3198 rite
389 3140 638 3214 spectaverimus.

33 3318 288 3430 Contemplatio
308 3330 347 3403 in
369 3330 729 3404 transformationem
751 3328 918 3428 amplior.

123 3479 243 3541 Dictum
272 3486 338 3542 erat
364 3481 456 3559 igitur
485 3496 596 3558 supra,
630 3497 685 3555 per
708 3479 827 3540 domini
856 3481 885 3538 in
915 3484 1018 3538 monte
1040 3480 1127 3540 faciei

29 3565 210 3640 splendorem
241 3572 271 3627 et
299 3568 507 3629 claritudinem
536 3574 583 3627 ter
609 3567 688 3627 beati
712 3566 844 3642 apostoli
865 3563 1007 3625 ineffabili
1029 3572 1059 3627 et
1081 3568 1127 3627 in-

31 3656 138 3730 cognito
166 3655 259 3714 modo
287 3656 327 3715 ad
357 3655 406 3715 dei
435 3670 525 3729 quarn
557 3655 659 3714 omnia
690 3653 812 3712 omnino
841 3667 1042 3727 quaecunque
1064 3653 1128 3712 exi·
1225 3696 1231 3704 .

31 3742 101 3801 aunt
134 3741 290 3816 percipere
328 3746 484 3816 nequeunt
513 3744 695 3816 potestatem
723 3745 814 3813 atque
843 3739 970 3815 gloriam
999 3740 1127 3816 mystice

31 3819 140 3887 tadum
159 3832 247 3901 sunt,
276 3827 348 3888 dum
371 3826 471 3888 lucem
497 3826 577 3903 quod
602 3827 744 3886 sensibus
768 3841 874 3885 eorum
898 3827 1040 3900 apparuit
1061 3844 1127 3902 my·

30 3914 100 3972 stem
120 3914 307 3975 obscuritate
326 3915 397 3974 tecti
421 3914 592 3990 symbolum
615 3929 687 3993 esse
709 3913 866 3972 docentur.
923 3909 997 3971 Nam
1022 3927 1127 3986 quem-

30 3997 184 4061 admodum
213 3999 264 4060 hic
290 4000 367 4061 lucis
397 4016 476 4075 quae
505 3999 618 4061 efirdsit
646 3999 750 4059 radius
773 3998 929 4058 oculorum
954 3999 1050 4058 aciem
1074 4016 1127 4059 su·

30 4091 104 4154 perat
134 4093 166 4147 et
198 4087 440 4163 imperceptibilis
476 4087 519 4146 eis
553 4091 726 4160 permanet,
764 4086 806 4145 ita
839 4086 929 4144 etiam
959 4084 1019 4144 illic
1048 4084 1126 4145 deus

31 4183 138 4233 mnam
160 4174 272 4233 mentis
295 4179 420 4249 superat
437 4174 497 4232 vim
522 4178 551 4232 et
573 4174 685 4244 aciem,
710 4186 809 4246 neque
831 4172 924 4231 ultam
948 4172 1019 4231 dum
1043 4172 1126 4232 vide-

29 4255 69 4314 tur
93 4260 121 4319 et
149 4260 200 4336 qui
228 4259 393 4335 periculum
425 4259 547 4319 videndi
579 4259 650 4318 facit
683 4258 927 4333 qualemcunque
961 4259 1125 4335 imaginem

32 4344 164 4406 tuuoedlt
222 4340 278 4405 Per
299 4346 448 4406 candidas
470 4362 543 4405 vero
566 4349 668 4425 uestes
693 4344 947 4421 magnificentiam
971 4350 1126 4404 creatura·
1182 4348 1185 4353 '
