2752 4778
140 354 214 427 Qua
241 355 335 414 edam
364 352 568 427 corporalem,
598 354 768 414 secundum
792 359 930 415 sanctum
953 355 1035 415 bunc
1057 364 1087 417 et
1107 374 1252 437 magnum

138 439 342 516 magistrum,
375 443 511 497 nostram
540 440 767 515 generationem
791 438 967 515 bonoravit,
1004 445 1033 500 et
1061 441 1152 504 bomo
1182 460 1251 504 vere

138 524 244 586 factus
268 530 299 584 et
321 523 488 584 humanum
511 524 541 581 in
565 524 688 583 modum
710 530 890 602 generatus,
930 532 963 586 ut
985 543 1040 587 nos
1064 528 1102 587 de
1123 545 1254 606 genera·

138 610 236 673 tionis
265 609 395 669 vinculis
425 609 571 683 solveret,
607 626 643 669 ac
671 609 710 670 de
738 611 807 686 lege
829 626 889 686 qna
911 628 968 671 nos
991 612 1030 671 ad
1053 613 1134 674 foeni
1155 616 1252 673 instar

138 697 184 757 ob
214 700 374 776 peccatum
402 696 462 754 seri
492 700 523 754 et
551 697 639 755 nasci
668 698 900 771 consuevimus,
937 713 1060 772 quaque
1086 702 1117 758 iu
1146 715 1252 775 parem

137 786 369 863 cognatamque
400 796 467 841 cum
496 780 608 856 plantis
641 786 733 857 atque
767 784 864 842 brutis
899 784 1082 843 animalibus
1117 787 1252 845 existen-

138 869 220 927 tiam
238 882 443 942 procreamur.
489 865 525 925 Ut
547 867 658 926 alicubi
680 883 813 945 magnus
836 884 1077 945 magnorumque
1099 875 1253 945 spectator

136 951 286 1012 Ezechiel
315 953 420 1012 divina
446 953 591 1025 mysteria
613 953 746 1013 initiatus
771 969 958 1028 causamque
979 956 1150 1028 praesentis
1173 957 1252 1034 circa

137 1038 298 1098 hominem
318 1037 367 1096 dei
389 1037 506 1097 consilii
528 1038 669 1110 edoctus,
704 1039 796 1098 veluti
818 1039 856 1098 ad
880 1038 1069 1103 Hierusalem
1091 1042 1186 1100 verba
1208 1042 1252 1101 f-

139 1125 240 1198 ciens,
261 1122 422 1198 .,Haecoe‘‚
452 1123 508 1196 ait,
532 1123 685 1196 ,dominus
708 1124 780 1184 dicit
797 1123 1002 1202 Hierusalem,
1026 1125 1125 1185 Radix
1148 1130 1199 1184 tua
1222 1130 1252 1184 et

136 1211 300 1286 generatio
330 1214 382 1268 tua
413 1207 451 1266 de
480 1213 560 1269 terra
582 1209 785 1280 chananaea,
818 1217 905 1285 pater
932 1212 1002 1270 tuus
1032 1210 1251 1270 Amoirrhaeos

136 1299 173 1355 et
203 1290 301 1354 mater
322 1301 374 1354 tua
395 1292 561 1353 Hettbaea:
598 1296 630 1353 in
653 1295 701 1354 die
724 1311 784 1370 qua
806 1301 879 1355 nata
902 1313 954 1366 es,
984 1312 1045 1356 non
1067 1296 1181 1373 ligatus
1205 1302 1253 1356 est

135 1380 304 1441 umbilicus
327 1383 413 1454 tuus,
444 1381 526 1439 etin
550 1395 632 1454 aqua
655 1397 715 1440 non
739 1398 772 1440 es
794 1381 872 1455 lota,
903 1397 959 1440 nec
981 1383 1046 1441 sale
1068 1382 1171 1455 salita,
1196 1395 1253 1440 nec

135 1465 279 1526 involuta
306 1466 430 1541 pannis:
467 1469 498 1524 et
526 1467 660 1540 proiecta
691 1483 725 1526 es
748 1483 842 1541 super
863 1466 971 1526 faciem
992 1473 1093 1527 terrae
1114 1469 1144 1526 in
1169 1467 1252 1526 abie-

136 1552 244 1612 ctione
266 1552 387 1611 animae
408 1555 479 1610 tuae
501 1552 532 1610 in
555 1551 603 1611 die
627 1567 686 1627 qua
708 1557 781 1612 nata
805 1567 854 1611 es:
882 1556 913 1611 et
935 1555 1058 1612 transivi
1083 1552 1122 1612 ad
1145 1558 1191 1627 te,
1222 1557 1252 1610 et

135 1636 205 1697 vidi
227 1643 257 1697 te
279 1637 449 1697 conculcari
471 1637 501 1694 in
526 1638 676 1714 sanguine
698 1641 766 1712 luo,
798 1643 826 1696 et
849 1637 911 1696 dixi
933 1640 1002 1713 tibi,
1033 1638 1078 1696 Ex
1100 1638 1252 1712 sanguine

135 1730 195 1784 tuo
217 1723 278 1783 vita
300 1727 371 1796 tua,
400 1721 614 1797 Multiplicare,
645 1728 678 1783 ut
699 1728 797 1783 ortum
826 1724 893 1799 agri
920 1723 992 1783 dedi
1019 1728 1069 1784 te‘
1118 1722 1253 1782 Damna-

137 1810 220 1871 toria
248 1808 338 1884 igitur
364 1807 450 1886 lege,
486 1821 547 1880 qua
568 1825 624 1884 per
645 1810 796 1868 sationem
818 1825 922 1883 parem
946 1825 1015 1869 curn
1040 1810 1193 1886 gramine,
1224 1814 1253 1868 et

136 1909 197 1970 per
227 1895 407 1971 sangninem
436 1893 564 1952 eandem
593 1910 663 1954 cum
693 1894 815 1968 reliquis
838 1894 1019 1953 animalibus
1042 1895 1134 1953 vitam
1157 1892 1253 1952 babe-

136 1994 229 2049 mus,
258 1979 439 2038 liberaturus
462 1983 602 2038 naturam
625 1980 708 2038 venit
729 1979 889 2047 dominus,
917 1984 1045 2039 naturae
1073 1983 1253 2053 persanator

137 2070 175 2125 et
196 2063 237 2123 ad
258 2065 415 2140 pristinam
436 2064 727 2139 incorruptibilitatis
751 2063 880 2141 gratiani
903 2062 1068 2134 deductor,
1102 2063 1252 2137 simulque

138 2149 314 2211 luculenter
346 2151 374 2208 et
401 2154 624 2209 monstraturus
652 2149 811 2224 pulchrum
842 2148 883 2207 ad
912 2149 993 2221 quod
1022 2148 1144 2208 condita
1171 2149 1253 2223 priu-

139 2237 224 2312 cipio
253 2233 491 2311 haudquaquam
521 2240 660 2310 promota
685 2242 752 2306 ast,
792 2239 822 2293 et
857 2233 969 2293 malum
1006 2234 1251 2307 conculcaturus,

140 2320 184 2381 ad
209 2320 288 2394 quod
311 2320 402 2381 simul
424 2325 515 2394 atque
537 2320 618 2380 lacta
640 2324 689 2381 est
709 2320 918 2380 fraudulenter
940 2335 1031 2378 omne
1053 2335 1143 2379 suum
1165 2320 1253 2377 inna-

139 2404 282 2469 turaliler
314 2411 453 2482 promota
485 2406 578 2465 robur
604 2406 785 2480 exinanivit,
822 2411 853 2464 et
882 2404 1079 2481 colligatnrus
1110 2406 1254 2479 concupi·

139 2492 281 2555 scantiae
309 2484 371 2551 vlm'
396 2488 498 2573 (cuius
525 2492 685 2552 umbilicus
715 2497 763 2552 est
785 2487 919 2570 imago),
951 2505 1028 2565 quae
1058 2490 1252 2566 genitabilem

138 2581 174 2638 in
204 2578 284 2638 bono
312 2577 451 2637 habitum
481 2576 599 2636 firmum
628 2582 720 2652 atque
749 2576 888 2636 stabilem
918 2579 1024 2636 sortita
1053 2583 1117 2647 est,
1148 2581 1177 2635 et
1207 2575 1252 2634 lo-

140 2671 232 2726 turus
265 2663 295 2721 in
324 2678 422 2738 aqua,
459 2667 644 2739 purgaturus
673 2664 799 2737 inquam
828 2661 865 2721 de
893 2662 1084 2739 ignorantiae
1112 2663 1252 2735 inquina-

139 2749 255 2811 mentis
282 2750 317 2817 ,in
350 2747 434 2807 unda
469 2748 648 2824 cognitionis
683 2747 852 2808 secundum
881 2750 1008 2825 gratiam
1037 2750 1097 2824 ipsi
1124 2748 1252 2807 circum-

139 2835 261 2910 lusae,
290 2840 320 2895 et
356 2833 501 2893 salitums
536 2833 617 2907 sale,
657 2840 687 2895 et
719 2834 911 2894 involutums
944 2837 1072 2910 pannis,
1110 2831 1172 2893 hoc
1206 2839 1253 2892 est

139 2918 315 2983 naturalem
350 2919 390 2980 ad
427 2919 508 2993 quod
545 2922 658 2981 bonum
692 2927 850 2996 procreata
882 2925 930 2980 est
962 2922 1112 2981 actionem
1147 2920 1254 2995 spiritu

139 3006 269 3077 tirmiter
300 3003 477 3080 solidando,
518 3005 746 3081 putrefactionis
772 3004 941 3076 ‚affectuum
978 3022 1085 3082 puram
1120 3004 1255 3064 redditu-

140 3107 198 3153 rus
228 3096 258 3151 et
286 3093 480 3168 incapacem,
515 3097 545 3152 et
573 3107 713 3151 verarum
735 3093 765 3151 in
789 3092 882 3152 rebus
908 3104 988 3164 quae
1010 3095 1083 3150 sunt
1103 3091 1253 3149 rationum

140 3178 259 3239 amictu
284 3194 455 3254 pannorum
484 3176 574 3237 modo
604 3175 895 3253 circumstringendo
926 3176 964 3235 ab
995 3175 1076 3235 omni
1105 3170 1253 3234 effusione

140 3262 343 3335 cohibiturus.

140 3448 233 3525 Alia
256 3449 297 3524 in
319 3450 419 3524 idem
441 3449 712 3547 contemplatio.
788 3446 792 3451 ’

253 3596 395 3658 Fortasse
424 3614 496 3657 vero
526 3599 594 3658 istis
624 3598 723 3658 verbis
753 3600 900 3674 magister
928 3595 1079 3673 duplicem
1104 3613 1175 3656 esse
1197 3595 1256 3657 hu-

142 3699 258 3759 manae
293 3682 461 3744 secundum
496 3683 698 3745 conditionem
733 3685 860 3744 naturae
890 3685 1036 3742 rationem
1066 3698 1103 3741 ac
1131 3681 1255 3741 modum

142 3774 303 3845 statuens,
335 3768 464 3830 alterum
488 3770 625 3840 animae,
658 3769 786 3828 alterum
811 3770 960 3845 corporis,
991 3767 1178 3843 corporalem
1202 3783 1256 3842 ge-

142 3856 337 3916 nerationem
365 3856 395 3914 in
425 3855 504 3915 duas
526 3856 708 3932 cogitatione
730 3854 833 3915 divisit
855 3856 1087 3929 generationes,
1120 3853 1255 3913 animam

143 3941 269 4023 quidam
299 3941 418 4002 occulte
446 3938 621 4018 significans
645 3956 683 3999 ex
707 3940 808 3999 divino
832 3945 923 4014 atque
946 3940 1029 4001 vitali
1049 3937 1256 3998 insufflatione

141 4032 304 4101 constare,
336 4043 447 4102 eorpus
470 4041 543 4087 vero
567 4043 604 4086 ex
630 4026 767 4086 subiecta
789 4027 916 4086 materia
938 4026 1005 4084 eius
1027 4024 1109 4085 unde
1130 4025 1169 4084 sit
1189 4038 1257 4083 cor-

143 4114 230 4190 poris
260 4113 351 4172 simul
381 4129 449 4187 cum
477 4113 580 4173 anima
609 4112 815 4188 conceptionis
841 4111 892 4171 via
919 4110 990 4170 lieri.
1041 4108 1146 4184 Neque
1175 4110 1255 4169 enim

217 4313 241 4364 2.
263 4308 450 4376 Apographnm
469 4310 576 4375 praebet
594 4302 747 4377 ὀφθαλμόν
765 4321 825 4358 σου.

949 4324 1049 4431 'eo
