2768 4784
230 184 303 263 160

228 371 280 441 διά
296 369 452 480 γλώσσης
479 377 654 439 καλεῖσθαί
681 397 712 438 τε
740 377 795 438 καλ
821 374 1052 485 προφέρεσθαι
1079 379 1136 438 καὶ
1167 367 1233 441 δι’Ι

225 456 408 527 ἀκούεσθαί
429 464 536 524 τεκαὶ
557 456 785 541 μανθιίνεσθαι
808 461 986 569 πέφυκεν
981 461 1041 524 Εἰ
1062 463 1099 525 δὲ
1120 463 1197 533 καὶ
1217 480 1237 539 ᾗ

225 551 282 626 λην
304 542 455 654 ἐριτηλρλῆν
477 540 666 653 ἐκδέχεσθαι
688 542 868 628 θελῆσομεν
890 541 926 610 τό
948 544 1169 655 λεγόμενον,

225 656 277 696 νοι
296 627 354 736 ’.τῆν
375 628 474 709 66066
496 637 549 697 καὶ
572 628 625 710 τῆν
647 634 811 714 γλῶσσαν,
839 627 931 716 τυχόν
955 633 995 697 οἱ
1009 633 1126 716 μόνον’
1122 616 1226 719 πρός·
1307 706 1311 711 ,

225 723 279 783 καὶ
306 720 360 797 τῆς
380 715 446 783 κατ’
468 715 572 783 ἀλλων
594 716 785 826 διαβολῆς’
767 744 783 797 η
807 722 974 827 λοιδορίρς
995 717 1130 784 ἀκούειν
1146 741 1179 782 τε
1201 718 1306 817 Q

225 810 293 870 λεῖν
313 803 596 915 προθυμούμενοι,
618 809 672 869 καὶ
696 801 732 869 τδ
750 802 836 869 κατιλ
846 801 972 882 παντὸς
983 803 1122 890 ἀμαθῶς

224 889 323 996 λόγον
345 914 378 956 τε
400 896 453 957 καὶ
476 889 596 978 ἀνδρός
614 888 837 1000 σεμνολόγημα
859 897 1035 975 κρίνοντες,
1061 897 1123 957 καλ
1134 888 1205 975 πρό

226 976 327 1062 φόναι
356 975 412 1044 τόν
434 977 579 1044 ύποπτον
599 974 708 1054 αύτοῖς
730 983 785 1042 καλ
806 976 1033 1063 φθονούμενον
1044 977 1242 1090 σφαδόζρ
1298 1056 1301 1061 ¹

209 1063 379 1148 Ιιννεύματι
413 1071 467 1130 καί
493 1058 576 1131 οἷον
606 1062 660 1143 τῆν
688 1062 792 1149 ψνγῆν
820 1069 1098 1174 προωθρῦντες
1075 1069 1129 1138 καί
1157 1060 1242 1143 τῆν

225 1149 444 1234 ττοιμιίζοντες
472 1157 526 1218 καλ
556 1147 610 1230 τῆν
631 1154 780 1234 γλῶσσαν
800 1175 882 1261 προς
902 1149 1010 1261 θῆραι
1032 1149 1118 1228 τινδς
1128 1144 1305 1237 ιτιιλ,λαλλ““ΙΙ

224 1239 352 1319 λέξεως,
392 1235 449 1304 ούκ
480 1238 536 1302 ’ύνα
569 1234 767 1346 είθύμιιισιν,
806 1233 914 1302 ἀλλ’·
907 1237 976 1307 ίνα
993 1241 1148 1305 κακίσωσι
1177 1241 1262 1302 καλῖῑ·
1336 1252 1338 1261 “

225 1322 323 1433 ἔχωσι
358 1328 412 1403 τῆς
446 1321 512 1391 κατ’
546 1321 644 1389 αάτού
670 1329 901 1408 γλωσσαλγίας.
961 1325 1063 1411 Ὅπερ
1092 1306 1285 1401 λποιούτεει

224 1407 304 1498 ἀγίῳ
325 1407 428 1499 τούτῳ
451 1407 543 1522 ἀνδρὶ
567 1410 600 1477 οἱ
621 1436 680 1475 κατ
676 1409 812 1476 ’ἐκεῖνο
831 1414 946 1491 καιροῦ
966 1409 1192 1492 τῆςιλληθείας
1203 1409 1246 1496 λγ
1306 1480 1310 1485 ,

224 1501 448 1583 προπηδῶντες
470 1504 525 1563 καὶ
547 1496 882 1605 προεξανιστάμενοι,
897 1503 950 1562 καὶ
973 1503 1050 1586 ιτρλν
1072 1502 1265 1587 λεχθῆναι,
1327 1580 1331 1585 .

225 1586 417 1694 λεγομένων·
445 1582 594 1696 καθάπερ
617 1588 678 1648 τῶν
698 1585 807 1649 ἵππων
829 1580 910 1692 τριλς
923 1590 1192 1697 πολεμιρτηρίονς
1210 1606 1255 1650 τε

63 1666 493 1780 001Η1821ειλμιλλητηρίονς,
513 1669 560 1736 ολ
574 1677 627 1736 καὶ
656 1669 720 1758 πρδ
750 1673 815 1734 τῶν
843 1666 986 1778 ἀγόνιρν
1000 1678 1055 1737 καί
1083 1675 1138 1751 τῆς
1159 1574 1338 1843 ‘ma

225 1752 376 1836 εάθντενῆ
406 1755 444 1820 τιλ
467 1748 532 1822 αλτα
553 1762 702 1835 ποιοῦσι,
736 1762 791 1821 καὶ
813 1755 886 1833 τούς
907 1755 1069 1834 πόδας·
1031 1784 1066 1848 τη
1088 1762 1128 1849 γῆ
1148 1776 1255 1834 ποοςιι

225 1866 338 1924 σοντι,
374 1848 428 1908 καὶ
462 1842 720 1949 ρροςκνῆθονται
754 1841 866 1922 ταύτην
901 1853 987 1920 ταῖς
999 1826 1144 1922 ὁπλαῖς,
1170 1850 1226 1909 καί
1252 1826 1330 1930 πῂ

224 1927 380 2034 δρόμον
368 1926 497 2006 εαυτολις
500 1933 726 2037 διεγείρουσι,
750 1935 804 1995 καὶ
826 1925 881 2009 τῆν
902 1925 1056 1996 ἀθούσαι
1077 1929 1233 2007 πολλάκις
1249 1952 1278 1995 τι

224 2014 436 2126 λαμβόνρντες
457 2015 628 2123 μάστιγα·
655 2012 778 2096 πλῆν
764 2015 813 2081 ότι
841 2039 903 2121 τιρν
929 2016 1040 2083 ἵππιον
1068 2015 1173 2094 οάδτλς
1201 2017 1312 2082 ἀπε

222 2101 328 2211 ψόγος
349 2097 412 2168 ύιτδ
435 2108 488 2183 τῆς
510 2108 645 2188 φυσικῆς
666 2100 813 2182 ἀλογίας,
840 2100 883 2185 μῆ
907 2097 1127 2188 ἀναμενόντων
1147 2101 1236 2181 τούς

224 2188 297 2264 τούς
325 2193 387 2254 ιιύν
416 2186 545 2300 ἀγοίνων
572 2188 719 2295 καιρριλς,
754 2185 811 2265 οδς
837 2192 1087 2296 διασημαίνει“
1068 2218 1085 2271 6
1115 2216 1151 2256 τε
1169 2187 1298 2297 φαινῆ

224 2277 406 2387 σόλπιγγος
429 2282 482 2342 καὶ
511 2273 528 2356 ῆ
551 2281 605 2356 τῆς
621 2274 781 2386 μάστιγος
799 2273 920 2359 πληγῆ,
951 2288 1020 2354 τοῖς
1041 2280 1076 2343 δὲ
1098 2277 1270 2354 τοιούτοις
1266 2272 1338 2343 ἂι

224 2360 340 2445 δρόσιν
369 2359 474 2440 οάδείς
502 2359 634 2429 ἐστιν
617 2388 635 2429 ο
657 2361 741 2469 πρὸς
762 2360 914 2440 ἀξίαν
876 2388 927 2442 της
951 2361 1054 2429 66166
1075 2367 1186 2442 κακίας
1207 2363 1248 2429 ἐπ

224 2452 322 2528 θῆναι
352 2449 526 2556 δυνάμενος
551 2448 666 2535 ψόγος
711 2448 866 2558 Ἕργον’
854 2448 966 2534 ε’χοιισι
988 2455 1042 2517 καί
1065 2448 1269 2535 σπούδασμα

223 2540 354 2620 μελέτην
382 2539 440 2601 τού
465 2535 618 2622 ψεύδους,
651 2541 705 2603 καὶ
735 2534 789 2615 τῆν
816 2536 895 2600 κατά
926 2540 978 2616 τῆς
999 2534 1153 2618 ἀληθείας
1173 2538 1326 2604 Breuem

223 2621 367 2697 Εἰκότως
395 2623 430 2687 06
458 2627 601 2688 τοιοῦτοι
630 2624 825 2707 κνηθόμενοι
848 2621 902 2702 τῆν
923 2619 1019 2704 ἀκοῆν
1040 2630 1094 2689 καὶ
1117 2623 1171 2704 τῆν
1192 2623 1338 2719 γλιόττσ

223 2792 420 2879 παχύτατος,
442 2821 484 2885 τῳ
506 2795 602 2879 βάθει
626 2800 682 2904 τρῆ
703 2794 852 2881 στόματος
874 2795 1080 2880 ἐμφωλεύων,
1102 2803 1260 2874 πολλακις
1277 2788 1326 2861 λιλ

223 2711 445 2792 λεγέσθωσαν,
480 2708 564 2775 διότι
598 2708 751 2814 καθάπερ
779 2735 826 2786 τις
857 2708 959 2794 χυμός
989 2710 1182 2795 δριμύτατός
1214 2735 1249 2776 τε
1278 2692 1338 2777 τελΙΙ

224 2884 282 2989 τρύ
310 2860 492 2960 κνῆθεσθόιι
520 2881 603 2994 πρός
629 2881 684 2963 τῆν
705 2882 896 2989 ἐπιφόνειαν
918 2882 1141 2968 ἐρεθιζόμενος
1162 2762 1338 3047 ἐκδίδοτςλ

225 2967 325 3044 οὕτως
357 2975 410 3033 και
444 2967 518 3080 τρύς
545 2967 740 3074 επῆριαστάς
770 2973 832 3034 τῶν
859 2974 962 3046 καλῶς
990 2972 1199 3079 λεγομένοιν
1194 2967 1325 3055 λρεθίζη

223 3056 419 3140 λαβομίνους
450 3053 603 3166 ἀφορμῆς
634 3055 776 3168 μάλιστα
807 3055 1008 3139 δημοσιεύειν
1040 3081 1095 3136 την
1122 3054 1202 3123 κατιλ
1192 3050 1338 3179 φαγῂρ

223 3148 417 3226 κακουργίαν
445 3139 461 3222 6
490 3147 683 3229 κεκρυμμίνη
706 3140 921 3226 διόθεσις,“
901 3168 968 3222 ητις
990 3146 1145 3211 τοσούτον
1167 3169 1203 3210 το
1192 3141 1326 3226 666oe

223 3232 367 3336 κατέχειν
396 3233 515 3315 πέφυκε
544 3229 729 3340 μόλλον,”
714 3231 795 3297 όσον
823 3232 999 3296 κενοῦσθαι
1031 3233 1068 3320 τῆ
1094 3229 1227 3318 προόδῳ
1253 3220 1338 3294 ττιλ

224 3313 260 3380 τό
284 3312 370 3391 εἰκός
392 3316 509 3392 ἔδοξεν.
555 3313 601 3380 06
622 3317 682 3400 γὰρ
703 3318 864 3394 ἐξίσταται
888 3341 944 3381 τον
930 3298 1089 3398 ’βόθόνς
1098 3316 1324 3466 προφερορρρρ

224 3398 278 3465 διιλ
306 3405 368 3467 τῶν
395 3401 495 3486 ἔργον
521 3398 538 3481 6
569 3407 630 3468 τῶν
650 3407 828 3489 μοχθηρῶν
848 3398 1030 3491 ἀνθρώπων
1052 3402 1218 3485 διόθεσις,

224 3492 277 3552 καὶ
300 3486 338 3551 τιλ
361 3486 450 3564 ἐκτός
470 3486 573 3554 πάντα
593 3494 734 3573 μανικῶς
755 3489 951 3574 ἐπινέμεται,
981 3497 1034 3557 καί
1057 3497 1111 3571 τῆς
1132 3514 1212 3557 κατα
1201 3482 1338 3641 φιγλτρ

225 3570 371 3657 ούδαμως
392 3574 554 3652 ἐξίσταται
576 3574 693 3663 χιόρας.

57 3790 92 3892 ρρ
93 3791 217 3890 nm
172 3761 284 3844 ιιιἝκ
312 3769 379 3836 τοῦ
409 3761 528 3836 αὐτοῦ
560 3758 694 3890 λόγου,
726 3765 776 3844 εὶς
799 3759 862 3850 τὸ,
889 3760 1025 3860 Ώςιιερ
1050 3763 1172 3848 ἄνθος
1193 3765 1233 3840 ἐν
1251 3788 1322 3860 χει-

58 3851 207 3945 666⁰*
139 3873 217 3936 ιιῖιι
275 3872 373 3960 μῶνι
394 3865 626 3948 παντελῶς”
601 3892 778 3994 αοιρον,
770 3893 833 3940 και
823 3861 1055 3965 γυναιξλ’
1011 3890 1149 3962 κόσμος
1163 3864 1323 3967 ἀνδρεῖος

59 3945 105 3987 τελ

276 3997 298 4064 6
282 3964 481 4064 ἀνδράσι
501 3973 735 4069 γυναικεῖος,
760 3966 783 4064 ῆ
778 3962 937 4043 πένθει
956 3968 1175 4070 γεαιιιετρία

250 4169 253 4172 ι
331 4101 397 4182 Τῆν
419 4102 471 4169 λπὶ
494 4102 615 4181 παντός
626 4102 729 4210 λόγον
748 4128 781 4170 τε
798 4111 852 4171 καὶ
869 4087 956 4188 πρόγ
980 4130 1056 4181 ατος
1072 4100 1146 4170 τάτα
1148 4105 1237 4188 ξίαν,
1257 4095 1338 4171 καθ’

222 4181 260 4266 66
281 4194 335 4267 τῆς
356 4188 491 4257 ἐκόστοιι
513 4197 566 4257 καὶ
587 4189 715 4257 πόντων
733 4186 921 4301 ιάπριπείας
977 4187 1112 4275 λόγος’
1092 4215 1178 4303 αναφ
1180 4195 1324 4259 afrano-6

59 4291 108 4332 ιιι.
120 4286 212 4334 ιιιει
194 4275 360 4358 ..πέφυκεν
378 4275 424 4362 1'
403 4275 597 4381 ακραιφνῆς,
626 4276 737 4342 διδ
701 4303 754 4358 της
775 4281 837 4343 τῶν
858 4272 1125 4382 ἀπεμφαινόνιων
1146 4218 1338 4387 ἀπαριθμῆ·

222 4383 302 4436 σειος
319 4359 547 4447 είςηγούμινος,
569 4362 667 4429 ταύτό
687 4388 784 4450 φησιν
802 4389 820 4429 ο
808 4359 1084 4447 διδόσκαλος,“
1071 4390 1125 4431 ινα
1141 4365 1198 4431 διδ
1214 4363 1325 4433 τοίνυν
