2752 4778
1001 284 1004 290 ,
1100 178 1171 256 aar

61 367 147 427 lectu
169 371 261 438 atque
283 363 410 422 consilio
432 362 567 423 divinum
589 361 672 422 hunc
695 364 823 424 arbitror
843 365 1023 441 magistrum
1041 373 1174 442 sanctos,

62 467 144 528 quos
165 450 344 527 appellavit,
380 456 584 527 congruenter
606 465 645 508 ex
668 448 759 510 modo
783 451 1047 526 contemplationis
1070 469 1175 514 eorum

62 552 196 599 vocasse
228 535 398 596 secundum
428 550 528 612 genus
558 539 588 594 et
615 536 812 612 dignitatem,
853 552 999 613 magnum
1030 555 1101 598 vero
1130 539 1178 599 lo-

62 624 200 685 hanuem
230 623 320 683 etiarn
351 622 389 681 de
415 621 474 680 loci
504 621 604 679 modo.
660 620 760 694 Quare
791 629 916 683 sanetus
947 623 1115 694 lohannes,
1144 632 1178 686 ut

63 709 272 787 paenitentiae
301 723 428 782 praeco,
462 709 589 767 actionis
620 713 666 767 εει
688 708 808 784 imago,
837 717 872 768 ut
893 711 1035 781 eremita,
1063 713 1177 786 impas-

63 795 237 869 sibilitatis,
271 799 304 853 ut
331 793 436 854 Levita
465 800 496 852 ει
524 792 688 869 sacerdos,
717 795 876 871 gnosticae
905 797 1176 873 contemplationis,

62 889 101 944 ut
128 898 202 941 vero
230 882 358 941 rationis
388 897 425 939 ex
456 886 542 940 utero
570 879 748 954 exsultans,
780 883 972 942 constantiae
1003 887 1033 943 et
1054 883 1176 945 habitus

63 969 185 1029 virtutis
215 971 245 1027 et
275 967 457 1044 cognitionis
488 966 658 1040 symbolum
688 973 750 1027 est:
792 973 917 1027 sanctus
940 975 1047 1030 contra
1070 969 1176 1046 David,

63 1061 100 1116 ut
120 1053 253 1114 Iudaeus
277 1059 307 1113 et
329 1057 448 1129 pastor,
480 1052 608 1113 activam
632 1068 686 1126 per
709 1053 932 1114 confessionem
951 1054 1175 1131 philosophiam

63 1142 193 1220 ligarat,
218 1145 251 1201 ut
271 1156 325 1199 rex
343 1137 454 1208 lsrael,
478 1137 745 1213 contemplativam
763 1139 923 1214 introducit
942 1144 1175 1221 mystagogiam.

64 1226 173 1289 Genus
193 1226 285 1304 igitur
307 1226 405 1285 sancti
427 1223 572 1284 Iohannis
596 1241 674 1302 gens
698 1231 747 1286 εει
766 1229 797 1285 ει
815 1228 910 1286 tribus
929 1226 1013 1286 uude
1030 1230 1176 1306 originem

64 1312 215 1387 ducebat,
245 1311 379 1388 dignitas
406 1327 478 1369 vero
508 1312 702 1385 praeconium
732 1317 763 1372 et
785 1313 1007 1388 sacerdotium,
1037 1320 1067 1374 ει
1088 1306 1176 1376 ιεἐιιε

64 1400 223 1460 desertum
245 1398 297 1458 uhi
321 1397 437 1458 versari
461 1397 609 1457 solebam·
628 1399 727 1458 sancti
749 1405 856 1459 contra
877 1399 1002 1460 Davidis
1025 1403 1089 1476 pari
1112 1419 1177 1463 mo-

64 1487 107 1548 do
130 1501 230 1563 genus
254 1490 303 1544 esi
323 1499 401 1561 gens
423 1488 453 1542 et
476 1485 587 1557 trihus,
618 1500 746 1560 munus,
777 1485 807 1543 id
831 1492 878 1546 est
900 1486 1048 1561 dignitas,
1073 1493 1177 1564 pasto·

65 1572 132 1634 mle
154 1571 284 1631 officium
308 1575 339 1629 et
359 1586 497 1647 regnum.
552 1569 685 1643 Quibus,
715 1571 909 1647 philosophia
931 1573 1056 1647 inquam
1079 1576 1177 1635 activa

65 1664 100 1720 et·
120 1656 355 1732 contemplativa
378 1657 586 1734 mystagogia,
610 1657 636 1715 si
658 1662 787 1733 uterque
804 1659 867 1718 'sibi
889 1661 1105 1721 convenienter
1128 1677 1177 1722 se-

66 1744 202 1805 cundum
231 1748 451 1820 congruentem
480 1743 641 1803 modorum
666 1744 696 1803 in
727 1746 771 1804 eis
800 1746 999 1806 iudicatorum
1029 1748 1177 1808 rationem

66 1835 241 1908 spectatur,
277 1830 452 1906 mysterium
486 1846 542 1904 per
576 1834 674 1890 semet
707 1832 933 1893 manifestatum
967 1833 1034 1892 sine
1068 1834 1177 1904 ,ullius

65 1915 250 1978 offensione‘
279 1915 482 1976 demonstrat,

10 2076 18 2119 Ξ
64 2070 126 2147 Ex
149 2070 280 2146 eodem
306 2076 491 2157 sermone,
519 2067 558 2140 in
580 2065 697 2158 illud,
724 2062 782 2159 ,Si
803 2069 843 2140 in
865 2066 1075 2168 Aegyptum
1095 2052 1175 2172 pro-

10 2176 29 2219 *
118 2174 254 2275 fugiat,
281 2171 394 2246 alacri
410 2171 532 2250 animo
549 2178 586 2243 ιε
601 2169 673 2269 ipsi
689 2171 798 2270 fugae
813 2171 985 2245 comitem
999 2174 1177 2275 adiunge3

10 2284 21 2323 ²
118 2276 353 2379 praeclarum
372 2282 428 2348 est
447 2298 532 2348 oum
547 2267 693 2347 Christo
711 2277 1001 2372 persecutionem
1017 2280 1177 2376 patiente

10 2384 28 2441 Ρ
118 2374 256 2481 fugere.
304 2375 344 2452 Si
364 2377 634 2452 diuturniorem
655 2379 696 2450 in
710 2376 876 2478 Aegypto
894 2402 1037 2453 moram
1057 2381 1176 2474 faeiat,

119 2509 168 2561 ex
189 2481 356 2583 Aegypto
382 2506 467 2556 eum
493 2504 601 2571 voca,
637 2480 700 2579 qui
732 2482 801 2556 rite
830 2482 910 2557 illic
940 2482 1112 2559 adoratur
1142 2495 1178 2560 et

10 2642 12 2649 -
117 2588 278 2663 colitur!

173 2704 342 2776 Debemus,
372 2711 406 2767 ut
434 2706 556 2781 opinor,
585 2720 654 2765 cum
684 2704 840 2765 dominum
869 2706 900 2764 in
922 2706 1101 2787 'Aegyptum
1131 2708 1178 2769 lu·

55 2796 152 2874 gisae
181 2793 332 2867 sciamus,
369 2807 463 2851 nosse
486 2792 576 2852 etiam
600 2797 826 2867 consequenter
847 2785 1010 2868 quemnam
1033 2809 1178 2869 persecu·

53 2887 163 2944 torem
184 2878 301 2956 fugerit.
346 2875 435 2955 Fugit
456 2880 548 2955 igitur
570 2877 712 2937 dominus
738 2894 800 2938 non
823 2879 922 2939 solum
947 2879 1124 2956 simpliciter
1144 2882 1175 2941 ln

53 2968 256 3045 Aegyptum,
285 2965 340 3025 sed
370 2966 461 3026 etiam
492 2964 530 3024 ab
553 2961 688 3037 Herode,
722 2961 856 3025 Iudaeae
885 2970 984 3026 terrae
1006 2971 1079 3026 tuac
1099 2972 1176 3029 tem-

50 3053 147 3132 poris
177 3067 251 3128 rege
279 3051 403 3127 petitus.
454 3049 581 3110 Herodis
611 3065 700 3123 vcro,
729 3052 775 3110 uti
795 3052 935 3122 tradunt,
967 3052 1176 3128 interpretatio

51 3145 110 3202 est
132 3138 255 3215 passio,
279 3142 309 3197 et
331 3138 492 3212 pelliceus,
516 3140 547 3194 et
563 3140 690 3212 natura,
714 3136 873 3213 Aegyptus
892 3142 993 3197 autem
1011 3138 1080 3213 ipsa
1098 3139 1176 3198 mul-

51 3224 364 3298 tifariamrelertur,
387 3222 558 3283 secundum
581 3220 884 3297 contemplativorum
907 3225 937 3282 in
961 3239 999 3282 ea
1017 3223 1175 3286 modorum

50 3313 217 3384 rationes,
247 3310 337 3370 modo
369 3310 409 3370 ad
437 3314 631 3385 praesentem
659 3308 823 3383 muudum,
858 3309 949 3369 modo
978 3310 1017 3369 ad
1041 3326 1175 3383 carnem,

50 3397 157 3463 modo
176 3397 217 3457 ad
236 3401 412 3472 peccatum,
436 3395 588 3455 modoad
611 3395 834 3473 ignorantiam,
863 3396 953 3455 modo
977 3395 1016 3455 ad
1039 3398 1176 3457 vexatio-

51 3501 152 3554 nem,
180 3497 242 3558 qua
263 3484 456 3559 potissimum
478 3482 728 3557 interpretatione
752 3481 866 3543 domini
887 3484 919 3541 iu
937 3484 1107 3558 Aegyptum
1128 3483 1175 3544 lu·

50 3587 134 3654 gam
173 3585 255 3630 nunc
289 3571 427 3646 accipere
461 3568 618 3628 debemus.
686 3564 876 3629 Praeclarum
911 3571 959 3628 est
987 3569 1077 3645 igitur
1106 3583 1173 3628 cum

51 3659 182 3722 Christo
203 3656 427 3733 inaegyptum
449 3655 570 3733 lugere,
593 3654 625 3713 id
647 3659 695 3714 est
718 3671 787 3715 oum
810 3655 1009 3715 diiudicatore
1031 3655 1061 3714 in
1085 3656 1174 3716 nobis

51 3758 206 3808 sermone
232 3740 351 3816 divino,
380 3745 503 3817 propter
532 3740 690 3800 infantiam
713 3740 832 3801 tamdiu
853 3741 1096 3817 persecutionem
1120 3758 1176 3816 pa-

51 3834 174 3902 tiente,
208 3834 332 3904 propter
364 3843 421 3888 nos
456 3828 506 3902 qui
539 3843 577 3886 eo
607 3825 740 3886 infantes
774 3843 897 3896 sumus,
931 3827 1175 3902 persecutionem

51 3917 199 3997 patiente
232 3930 251 3975 a
284 3920 406 3975 terrena
440 3929 519 3989 quae
551 3913 583 3970 in
613 3913 701 3972 nobis
730 3911 831 3973 adhuc
859 3929 913 3989 per
942 3917 1041 3973 motus
1071 3914 1174 3973 carnis

51 4001 223 4067 affectibus
254 4001 402 4060 obnoxios
430 3999 603 4060 dominatur
631 3997 805 4074 voluntate,
837 4000 866 4058 in
896 4000 1091 4059 vexationem
1119 4016 1173 4077 per
1285 4053 1288 4059 .

53 4090 211 4160 activam,
246 4087 347 4148 donec
368 4103 421 4162 per
440 4084 713 4162 impassibilitatem
736 4101 819 4146 mors
843 4086 930 4145 uobis
952 4084 1086 4146 indicata
1108 4086 1173 4147 lue-

51 4179 95 4239 rit
125 4188 234 4235 eorum
261 4175 312 4249 qui
340 4173 433 4233 divini
461 4174 491 4232 in
521 4171 609 4233 nohis
637 4171 760 4232 inlautis
784 4173 934 4233 sermonis
957 4173 1078 4232 animae
1099 4173 1173 4233 insi-

53 4264 201 4332 diantur,
232 4258 290 4319 hoc
319 4264 366 4320 est
395 4275 501 4320 eorum
525 4259 574 4334 qul
598 4262 732 4318 nostram
756 4257 924 4321 secundum
947 4274 1118 4318 sermonem
1141 4260 1171 4319 iu

53 4350 120 4411 deo
150 4351 395 4408 consummatum
419 4347 510 4407 vitam
534 4345 713 4406 mortificare
737 4345 876 4418 studeat,
912 4346 1172 4406 constitutionem·
