2768 4784
1160 188 1235 266 821

122 377 267 482 Contra
299 402 360 453 eos
392 376 455 477 qui
485 398 637 475 corpora
670 384 755 448 ante
785 375 925 450 animas
956 376 1112 453 existere
1142 381 1238 455 affir-

178 490 293 558 mant.
367 536 370 543 -

239 601 311 662 Post
340 616 468 677 corpora
496 601 629 659 existere
659 599 794 673 animas,
828 600 935 670 oisti,
969 600 1070 662 dicere
1098 603 1185 664 facile
1211 611 1241 663 et

128 689 266 748 cuiusvis
301 687 430 747 volentis
464 691 529 757 est,
565 691 597 745 at
625 687 744 744 ratione
773 686 901 760 probare
929 687 1009 762 quod
1039 688 1146 749 dicitur
1173 705 1242 765 per-

129 790 223 850 quam
247 773 367 835 difficile
389 778 437 833 est
458 779 550 848 atque
572 788 753 849 operosum,
788 771 941 848 studiique
964 780 994 832 ει
1016 773 1190 852 diligentiae
1211 777 1240 834 in

128 862 191 921 bac
220 862 400 936 quaestione
429 859 596 920 collocatae
622 858 711 919 facile
741 873 897 934 nunquam
919 857 1043 919 habebit
1061 861 1190 921 fructum
1213 869 1243 922 et

130 949 355 1024 probationem.
400 943 432 1004 Si
454 947 534 1006 enim
556 944 587 1003 id
610 944 690 1019 quod
714 944 884 1004 secundum
907 962 961 1005 vos
980 948 1011 1004 in
1035 948 1250 1024 generationis·

131 1036 291 1094 hnmanae
321 1034 447 1093 materia
475 1032 596 1108 ponitur
628 1032 829 1090 inanimatum
859 1033 982 1091 omnino
1015 1039 1077 1103 est,
1106 1035 1243 1109 sequitm·

132 1122 309 1182 necessario
338 1123 372 1178 ut
402 1119 492 1179 etiam
523 1117 623 1177 vitalis
655 1118 795 1176 nimirum
823 1120 984 1193 potestatis
1015 1119 1107 1195 plane
1129 1122 1168 1179 sit
1190 1135 1244 1179 ex·

130 1223 213 1282 pers.
270 1206 348 1266 Nam
384 1205 464 1279 quod
501 1205 618 1275 anima,
656 1218 778 1279 quoquo
813 1203 903 1263 modo
939 1210 1115 1281 comparata
1143 1205 1241 1279 fuerit,

129 1299 235 1364 caret,
263 1293 294 1352 id
322 1293 405 1352 omni
434 1290 517 1350 vitali
545 1294 696 1365 privatum
724 1294 773 1348 est
800 1292 918 1350 virtute.
971 1291 1057 1365 Quod
1085 1293 1112 1351 si
1141 1294 1244 1354 anima

129 1383 262 1455 eiusque
292 1377 394 1438 vitalis
423 1378 583 1453 potestatis
613 1381 642 1436 et
672 1377 788 1435 virtutis
817 1377 908 1452 plane
938 1395 1048 1454 expers
1071 1383 1132 1449 εει,
1162 1395 1244 1438 mor-

128 1474 219 1527 tuum
237 1482 309 1525 esse
332 1464 526 1524 manifestum
550 1469 612 1536 est,
643 1479 748 1521 verum
771 1463 798 1521 si
820 1470 974 1524 mortuum
997 1481 1068 1525 esse
1092 1467 1242 1539 statuitur,

129 1568 235 1627 oeque
258 1552 348 1612 alitur
371 1566 470 1626 neque
492 1550 618 1627 crescit,
648 1564 747 1624 neque
768 1547 830 1608 ullo
853 1551 944 1610 modo
967 1552 1137 1612 subsistere
1158 1557 1245 1628 pote·

127 1641 185 1710 rit,
223 1643 277 1698 aut
311 1636 525 1718 indissipatum
560 1640 591 1695 et
618 1633 795 1695 indiffusam
824 1653 958 1698 manere.
1019 1637 1105 1711 Quod
1136 1641 1246 1714 probat

129 1725 298 1785 vulnerum
325 1725 356 1782 iu
386 1738 512 1798 corpore
542 1723 669 1781 sanatio.
727 1721 811 1795 Quae
841 1724 962 1797 quando
985 1723 1173 1785 medicorum
1194 1725 1245 1784 filii

128 1813 291 1888 attingunt
318 1813 502 1885 temptantes
532 1810 557 1867 si
585 1823 696 1882 corpus
724 1816 877 1869 mortuum
901 1825 1061 1887 emergens
1084 1813 1245 1887 reperiant,

127 1896 365 1959 medicamentis
402 1911 481 1970 quae
514 1895 543 1952 id
580 1893 727 1952 devorent
763 1901 834 1955 ante
868 1897 1048 1970 insumptis,
1088 1899 1130 1956 ita
1167 1912 1245 1972 quae

127 1982 298 2047 reficiendo
328 1984 445 2058 corpori
474 1981 512 2040 de
543 1979 666 2039 vulnere
695 1979 781 2039 laeso
811 1980 922 2041 idonea
949 1983 1009 2041 sint
1038 1981 1183 2042 adhibent
1205 1983 1244 2042 ad

127 2071 377 2148 suppletionem,
416 2072 566 2144 quatenus
595 2068 697 2125 vivum
729 2064 869 2127 videlicet
890 2083 1000 2144 corpus
1025 2074 1134 2128 natura
1156 2085 1246 2145 prae·

127 2160 230 2218 ditum
266 2163 315 2215 est
348 2157 535 2216 resarciente
564 2158 595 2212 et
623 2154 732 2212 virtute
762 2153 893 2228 quadam
923 2153 1059 2214 habitum
1089 2156 1244 2230 proprium

126 2241 350 2319 compingendi
379 2241 622 2314 revocantium,
654 2254 724 2298 cum
753 2244 906 2300 mortuum
938 2246 1044 2301 contra
1073 2257 1185 2317 corpus
1212 2241 1245 2300 id

127 2330 220 2390 nullo
252 2327 342 2387 modo
372 2328 497 2402 alliciat,
534 2325 630 2386 semel
658 2325 885 2398 mortificatum,
922 2326 1065 2401 vitalique
1092 2332 1246 2403 potestate

127 2431 263 2494 prorsus
296 2414 491 2486 destitutum,
522 2417 553 2471 et
581 2411 692 2470 idcirco
721 2413 870 2472 inefficax.
928 2412 1087 2485 Quomodo
1117 2432 1187 2475 vero
1216 2421 1248 2474 et

129 2503 227 2563 stabit
256 2501 336 2577 quod
364 2505 475 2560 natura
497 2498 678 2574 dissipatum
703 2504 751 2557 εει
772 2505 863 2574 atque
884 2499 967 2559 nullo
991 2501 1113 2577 negotio
1137 2501 1248 2560 dissol-

130 2591 230 2664 vitur,
267 2604 336 2648 cum
364 2593 512 2661 tanquam
540 2583 728 2644 fundamenti
757 2585 787 2643 in
812 2586 937 2645 modum
959 2588 1142 2663 cogitatione
1164 2587 1248 2649 nulla

132 2682 208 2735 ante
237 2675 375 2734 subiecta
403 2675 443 2732 sit
472 2673 567 2730 virtus
596 2670 730 2741 vivifica,
765 2687 843 2747 quae
874 2674 954 2732 circa
977 2689 1047 2733 sese
1071 2674 1248 2734 naturaliter
1343 2713 1346 2721 -

135 2764 331 2838 coagmentet
360 2758 501 2819 diffusum
530 2762 622 2832 atque
650 2759 853 2836 constringat,
883 2761 913 2818 in
944 2774 1004 2834 qua
1033 2766 1064 2819 et
1086 2761 1249 2821 existentia

136 2855 164 2908 et
195 2847 336 2906 iormatio
365 2847 403 2905 ab
432 2861 469 2904 ea
498 2844 607 2903 virtute
637 2857 717 2917 quae
745 2851 793 2904 est
815 2847 961 2906 universa
984 2847 1137 2921 sapienter
1157 2848 1247 2908 fabri-

138 2942 205 2994 cata
239 2934 342 2993 inesse
372 2933 495 2990 sortitae
518 2927 612 2988 sunt‘?
666 2927 698 2987 ln
724 2944 905 3006 quacunque
927 2933 1008 2992 enirn
1030 2950 1063 2992 re
1085 2939 1247 3009 postquam

138 3020 216 3081 lacta
245 3025 294 3079 est
321 3018 479 3095 generatio
509 3031 580 3074 vere
610 3022 768 3090 superstes
798 3024 846 3078 est
869 3019 1033 3078 existentia
1057 3022 1189 3095 corpori,
1217 3022 1246 3077 in

139 3123 173 3166 ea
186 3098 280 3165 'recte
302 3106 426 3163 omnino
449 3102 628 3178 principium
652 3114 773 3176 quoque
794 3105 975 3164 existentiae
996 3106 1100 3164 inesse
1119 3105 1247 3166 dicatur.

138 3191 213 3252 llam
236 3207 338 3266 aquo
361 3196 536 3265 separatum
559 3203 670 3263 corpus
693 3187 885 3261 dissolvitur,
908 3189 1015 3265 huius,
1046 3192 1088 3251 uti
1111 3198 1249 3267 apparet,

139 3295 207 3338 cum
230 3278 393 3338 existentia
415 3277 446 3335 in
469 3274 664 3352 generatione
688 3277 777 3335 etiam
801 3277 976 3336 coextitisse
999 3276 1091 3351 plane
1109 3283 1157 3336 est
1176 3295 1248 3338 aon-

139 3369 330 3424 seutaneum.
387 3360 420 3420 Si
448 3366 565 3435 autem,
601 3361 706 3433 oisti,
739 3362 788 3421 his
818 3364 1131 3439 argumentationibus
1162 3381 1248 3425 coar-

139 3451 225 3522 ctati,
264 3449 343 3524 quod
379 3448 509 3508 bominis
546 3447 724 3521 procreandi
760 3451 860 3526 gratia
897 3451 1064 3509 seminatur
1097 3455 1248 3511 mortuum

138 3553 209 3597 esse
238 3537 376 3612 negatis,
413 3534 537 3594 vitalem
567 3532 614 3591 vel
646 3534 945 3608 quantulamcunque
981 3537 1120 3596 virtutem
1156 3538 1249 3614 parti-

138 3625 241 3700 cipare
264 3621 467 3691 affirmantes,
491 3619 569 3695 quod
595 3619 727 3679 animam
750 3620 889 3680 videlieet
911 3621 1002 3681 buius
1025 3623 1144 3682 virtutis
1165 3640 1249 3699 com-

138 3709 284 3770 munione
299 3707 426 3777 ¹babeat
453 3705 535 3785 (sine
565 3705 665 3764 anima
694 3707 774 3765 enim
801 3706 887 3765 nulla
910 3707 1005 3766 semel
1027 3709 1107 3768 vitae
1129 3711 1248 3784 species

137 3801 201 3856 tam
231 3796 262 3854 iu
291 3795 335 3853 eis
366 3808 500 3869 unquam
531 3806 610 3866 quae
638 3793 668 3848 in
699 3797 839 3852 naturam
863 3793 981 3868 prolata
1005 3808 1095 3868 quam
1118 3797 1249 3871 quaein

137 3884 213 3942 orbe
236 3879 312 3941 caeli
336 3895 458 3955 semper
480 3877 591 3937 mobile
613 3878 696 3935 intus
719 3877 943 3955 comprehensa
965 3886 1050 3954 sunt,
1073 3884 1250 3957 reperiatur,

139 3985 175 4049 ac
212 3983 334 4042 semper
369 3967 449 4025 vitae
486 3964 604 4038 species
641 3963 809 4023 seeundum
843 3968 967 4026 rationis
1000 3969 1248 4043 consequentiam

139 4059 224 4114 extat
260 4068 384 4128 prorsus
422 4050 505 4110 nulla
540 4051 599 4108 nisi
629 4065 698 4107 cum
728 4047 863 4132 anima),
900 4052 1141 4130 qualemcunque
1168 4056 1278 4114 vitae'

139 4141 275 4217 speciem
305 4138 475 4215 supponitis
497 4139 601 4195 inesse
624 4136 654 4193 in
680 4138 887 4213 conceptionis
910 4140 1093 4216 propagine,
1128 4143 1249 4202 animae

139 4227 269 4288 alicuius
301 4224 401 4286 solum
431 4224 645 4300 proprietatem
673 4224 888 4301 significastis,
919 4240 979 4300 qua
1008 4226 1130 4300 quidem
1160 4245 1199 4290 ea
1219 4229 1248 4287 in

212 4380 236 4432 1.
257 4375 296 4446 τῷ
313 4375 392 4428 habet
410 4372 588 4442 apographum
607 4371 665 4426 cod.
685 4375 804 4428 Gudiani.
1002 4445 1045 4508 Ἃ
