2752 4778
1163 176 1234 256 itt

120 380 141 429 n
178 366 301 447 quibus
324 372 386 429 stat
407 367 619 428 universorum
642 369 818 443 perennitas
840 373 872 428 et
892 368 1073 428 substantio.
1122 363 1239 425 litenirn

120 450 218 517 timul
252 453 425 516 afficiantur
453 455 657 532 perennitate,
685 460 807 530 propter
829 454 1000 516 naturalem
1022 458 1054 514 et
1074 451 1241 512 indissolu-

120 540 218 603 rtlem
254 541 335 604 inter
369 556 442 602 sese
469 540 667 616 relationem,
703 542 747 601 ita¹
772 546 807 602 ut
834 541 929 601 altero
957 543 987 600 io
1018 539 1240 616 perennitatem

120 626 328 701 conservato,
353 643 410 688 nec
432 626 562 688 alterum
586 628 625 687 ab
647 626 706 687 hac
729 628 869 689 custodia
891 628 991 688 aliena
1014 642 1102 700 esse,
1127 630 1157 685 et
1174 640 1241 684 rnr-

120 726 185 777 ens
204 728 279 775 curn
301 712 433 775 alterum
454 712 514 774 baa
536 714 735 789 perennitatis
758 714 899 775 custodia
921 713 1082 783 exciderit,
1117 727 1174 772 nee
1196 710 1241 771 al·
1350 714 1355 723 '

120 808 228 866 inrum
247 796 290 861 'ea
313 799 392 861 ailioi
414 799 516 860 dicere
537 816 593 875 par
615 801 662 859 sit.
709 799 817 861 Tribus
836 817 910 861 vero
931 801 1123 878 potissimum
1143 796 1241 858 modis

120 886 221 949 deum
250 887 393 947 omnibns
422 887 583 962 providere
611 891 734 964 negant
802 891 864 949 Aut
890 889 969 948 enirn
1000 888 1143 965 ignorare
1172 901 1241 947 eum

120 971 339 1053 providentiae
373 974 454 1033 darn
487 989 524 1033 ac
552 973 700 1033 rationem
729 973 852 1049 dicunt,
886 978 941 1034 aut
969 973 1064 1048 nolle,
1099 977 1153 1033 aut
1180 987 1240 1032 non

120 1074 233 1139 posse
280 1057 341 1121 Sed
364 1059 515 1136 proiecto,
544 1059 715 1120 secundum
738 1045 916 1121 eommune's
939 1062 1073 1122 omnium
1098 1060 1241 1120 notiones

120 1148 230 1210 bonus
260 1152 292 1206 et
321 1146 390 1222 plus
414 1159 505 1221 quam
530 1148 629 1206 bonus
652 1146 729 1206 deus
754 1147 833 1209 bona
855 1153 885 1207 et
906 1163 1026 1223 semper
1048 1150 1078 1206 et
1100 1146 1240 1205 omnibus

120 1224 255 1299 omnino
284 1233 443 1294 voluntate
472 1248 530 1293 sua
558 1232 707 1307 destinat,
743 1237 772 1292 et
801 1234 925 1309 sapiens
955 1239 985 1294 et
1007 1233 1168 1309 piusquam
1190 1247 1243 1293 aa·

120 1323 244 1399 plens,
264 1319 314 1381 vel
342 1321 444 1395 potios
475 1320 583 1379 omnis·
604 1319 773 1394 sapientiae
795 1320 880 1394 fons,
910 1320 996 1379 novit
1017 1318 1140 1379 omnino
1164 1332 1242 1392 qnae

120 1404 323 1481 conducunt,
348 1411 378 1464 et
396 1410 523 1481 potens,
548 1403 596 1466 vel
619 1407 720 1482 potius
743 1407 879 1466 infinitae
896 1407 1066 1484 potentiae,
1080 1404 1242 1481 'condigne

121 1492 187 1555 dec
219 1497 252 1551 et
282 1494 499 1552 convenienter
514 1493 558 1570 *iu
588 1494 730 1552 omnibns
752 1494 865 1569 placita
887 1499 917 1554 et
938 1493 1065 1553 consilia
1088 1506 1147 1551 sua
1170 1507 1244 1551 con·

121 1577 276 1641 uincibilia
303 1576 431 1653 pulchre
459 1579 654 1654 exsequitur,
682 1584 717 1639 ut
746 1578 845 1640 bonos
869 1585 899 1640 et
920 1581 1046 1655 sapiens
1070 1583 1101 1638 et
1120 1582 1243 1654 potens,

123 1667 285 1727 transiens
315 1680 369 1741 per
399 1669 508 1725 cuncta
531 1670 561 1725 et
584 1663 714 1724 visibilia
737 1670 767 1724 et
788 1666 966 1739 invisibilla,
996 1670 1027 1724 et
1047 1665 1192 1725 universa
1213 1668 1245 1725 et

122 1751 263 1830 aingrrln,
285 1756 318 1811 et
338 1765 436 1826 parva·
457 1755 487 1810 et
510 1766 632 1827 magna,
656 1754 686 1810 et
708 1758 819 1812 cuncta
842 1769 920 1828 quae
943 1752 1113 1814 secundum
1138 1766 1244 1827 quam-

124 1832 210 1915 p'ittm
236 1836 397 1899 cuiuslibet
420 1839 541 1914 generis
563 1839 756 1898 existentiam
779 1838 910 1911 babent,
939 1839 1013 1899 nibil
1031 1839 1069 1897 de
1090 1839 1242 1911 bonitatis,

126 1924 318 2001 saptentiae,
348 1923 503 1999 potentiae
532 1938 608 1984 suae
638 1924 785 1986 infinitate
807 1927 983 2000 remittens,
1018 1930 1048 1985 et
1068 1925 1171 1984 omnia
1194 1939 1244 1984 se-

126 2011 266 2073 cundnm
295 2009 485 2086 singulorum
507 2010 691 2072 existentiae
712 2014 860 2073 rationem
885 2013 943 2072 sibi
964 2012 1040 2088 ipsis
1062 2016 1094 2070 et
1114 2011 1243 2070 invicem

125 2098 170 2159 ln·
191 2095 403 2157 indissolubili·
429 2103 608 2158 cunctorum
638 2096 746 2158 eodem
776 2104 807 2159 et
836 2114 919 2158 nexu
948 2103 978 2158 et
1005 2098 1188 2174 compagine
1215 2101 1246 2156 et

126 2184 322 2261 perennitate
349 2197 549 2264 conservans.
606 2183 685 2256 Quid
715 2191 834 2262 arrtem,
868 2201 970 2245 nonne
997 2177 1096 2259 ipsam
1126 2198 1180 2258 per
1209 2198 1244 2243 ee

128 2264 274 2332 ueneram
291 2267 331 2329 de
344 2269 467 2340 divina,
496 2285 576 2346 quae
593 2271 696 2330 omnia
713 2279 812 2345 caret,
841 2271 1049 2372 procidentiae
1069 2269 1242 2344 existentia,

128 2356 311 2419 luculenter
328 2355 479 2417 instruere
507 2355 671 2416 videmus‘t
727 2358 814 2431 Quod
844 2360 931 2418 enim
955 2357 1135 2418 naturaiiter
1154 2355 1244 2416 nobis

127 2442 339 2526 providentiae
372 2442 518 2519 cognitio
533 2441 638 2503 insita
655 2445 711 2515 sit,
750 2446 819 2519 ipsa
847 2449 959 2505 natura
987 2443 1071 2504 band
1100 2443 1243 2520 exiguum

129 2530 271 2607 praebet
273 2528 516 2600 documentum,
546 2529 669 2603 qnando
698 2545 756 2590 nos
785 2531 872 2591 nulla
900 2531 1024 2606 praevia
1055 2530 1245 2589 institutione

130 2615 236 2678 vetuti
243 2614 429 2691 propulsans
449 2614 488 2674 ed
510 2615 618 2675 deum
625 2630 681 2690 pev
702 2632 810 2692 preces
832 2619 862 2678 io
886 2618 993 2678 subitis
1016 2616 1141 2677 casibus
1161 2615 1245 2675 illinc

128 2696 264 2764 salutm
284 2712 435 2785 quaerere
453 2701 583 2761 instruit.
628 2700 876 2778 Quotiescunque
901 2705 981 2765 enim
1008 2704 1109 2764 subito
1135 2717 1244 2763 neces·

129 2788 223 2850 nitate
244 2787 355 2861 aliqua
370 2780 692 2864 comprehendimur,
702 2789 920 2863 involuntarie,
948 2792 1016 2850 sine
1037 2790 1101 2851 nlla
1123 2789 1245 2866 praevia

129 2872 402 2957 consideratione,
415 2873 536 2935 deum
522 2887 672 2936 invocare
695 2876 848 2950 solemus,
872 2882 1019 2952 tanquam
1040 2878 1068 2938 si
1089 2877 1158 2952 ipsa
1175 2888 1246 2952 pro·

127 2954 267 3023 videntid
296 2976 354 3020 nos
376 2960 490 3034 adse,
521 2959 614 3021 nullis
637 2962 771 3023 consiliis
793 2963 1069 3034 intercedentibus,
1100 2961 1249 3035 ettmbut,

130 3053 161 3110 et
187 3046 333 3108 mentalis
363 3047 409 3106 vis
443 3051 568 3106 nostrae
601 3047 790 3108 velocitatem
824 3055 1010 3120 antevertat,
1046 3048 1245 3123 divinumque

128 3134 274 3197 omnibns
305 3132 414 3194 ceteris
444 3134 637 3209 praesentius
665 3135 812 3196 auxilinm
834 3135 987 3196 ostendat.
1044 3133 1148 3209 Neque
1170 3148 1244 3194 vero

131 3219 337 3295 involuntarie
359 3225 469 3281 natura
491 3230 549 3278 nos
572 3220 611 3279 ad
634 3220 709 3281 iliud
732 3222 813 3298 quod
836 3229 964 3284 naturae
986 3237 1099 3297 expers
1121 3225 1170 3280 est
1191 3220 1245 3280 de-

129 3307 267 3369 duceret.
318 3304 463 3366 Nimirum
492 3305 698 3381 quodcunque
726 3308 856 3369 alterum
879 3308 1044 3385 quodpiam
1067 3306 1262 3369 naturaliter.

131 3395 288 3470 seqnitur,
319 3397 355 3452 ut
381 3392 524 3453 omnibns
553 3394 735 3470 obscurum,
764 3395 896 3456 validam
925 3395 1018 3455 habet
1040 3395 1244 3468 invictamque

129 3478 391 3543 demonstrandae
422 3478 560 3540 veritatis
595 3481 664 3540 vim.
731 3479 763 3540 Si
796 3498 868 3542 uero
898 3482 968 3558 qnia
996 3480 1244 3557 imperceptibilis

129 3566 220 3629 nobis
251 3580 290 3625 ea
319 3579 399 3640 quae
421 3565 543 3643 singula
567 3571 653 3626 curet
674 3568 881 3642 providentiae
903 3574 951 3628 est
973 3569 1066 3639 ratio,
1097 3573 1131 3627 ut
1152 3566 1243 3627 etlam

129 3658 179 3717 cst
205 3651 378 3713 secundum
405 3651 496 3725 illud,
526 3651 643 3729 ‚Quam
672 3654 830 3716 recondita
851 3656 919 3715 eins
941 3654 1070 3724 iuditia,
1100 3658 1129 3714 et
1152 3668 1242 3727 qnam

127 3737 357 3817 investigabilia
378 3737 444 3798 eius
463 3739 558 3813 viae‘,
580 3739 650 3801 ideo
668 3741 888 3816 providentiam
905 3743 1048 3819 negarint
1065 3754 1151 3814 esse,
1175 3754 1244 3799 meo

129 3824 254 3903 quidem
283 3823 395 3884 indicio
423 3825 508 3885 baud
537 3831 618 3887 vecte
645 3825 689 3888 ita
711 3832 860 3888 statuunt.
911 3827 988 3888 Nam
1012 3828 1039 3887 si
1061 3840 1175 3903 magna
1197 3830 1245 3885 est

128 3917 161 3975 ct
175 3909 415 3988 inperceptibilis
433 3912 513 3973 inter
529 3912 669 3991 singulos
686 3914 826 3975 homines
845 3914 1069 3991 discrepantia,
1094 3918 1123 3973 et
1141 3911 1244 3973 cuins-

130 4012 193 4076 qne·
212 3998 310 4075 ipsius
332 3999 528 4059 commutatio
552 4005 582 4060 et
604 3999 799 4071 vicissitudo,
827 4000 899 4061 dum
921 4002 951 4062 in
977 4001 1058 4060 vitae
1079 4014 1194 4076 genere
1215 4003 1245 4060 et

129 4083 266 4151 moribus
290 4088 321 4143 et
342 4083 551 4147 voluntatibus
569 4092 601 4147 et
618 4087 753 4148 consiliis
771 4093 802 4148 et
818 4087 1051 4164 cupiditatibus,
1075 4088 1104 4147 in
1125 4085 1242 4158 litteris,

130 4170 282 4251 negotiis,
310 4168 437 4240 studiis,
465 4177 497 4237 et
514 4173 546 4233 ln
565 4173 641 4249 ipsis
664 4175 774 4236 mentis
798 4174 1033 4252 cogitationibus
1055 4189 1155 4249 poene
1176 4171 1243 4232 inii·

131 4375 156 4428 d.
173 4365 427 4440 παρασκευάζουσα
444 4369 523 4422 hobae
539 4370 728 4438 apographum.
