2768 4784
1172 190 1244 271 Pii

132 373 191 432 lem
217 372 345 434 tradunt
367 375 533 451 scripturae
555 375 809 450 contemplandae
833 377 998 450 rationem,
1024 394 1091 438 cum
1113 395 1176 439 una
1197 381 1245 452 sit,

135 459 314 536 decemplici
343 460 435 521 modo
465 460 605 523 diffusam
625 463 784 537 spectari,
820 461 903 536 loco,
938 468 1091 540 tempore,
1125 482 1247 544 genere,

134 561 287 622 persona,
318 546 480 625 dignitate,
510 549 575 608 sive
599 548 715 622 studio,
747 549 864 621 activa,
896 551 1043 626 naturali,
1074 550 1248 630 theologica

135 632 346 709 philosophia,
376 635 551 709 praesentia
580 650 617 694 ac
643 634 757 710 futuro,
789 635 853 694 sire
876 634 973 711 ligura
996 642 1026 698 et
1046 639 1188 714 veritate,
1219 644 1250 699 ct

136 734 244 778 rursus
275 719 433 780 collectam
462 723 595 795 quinque
623 721 718 780 trihus
748 719 1007 796 comprehendere
1037 724 1151 797 modis,
1183 742 1249 785 rur·

137 820 253 881 susque
283 805 405 875 duabus
433 811 496 866 tres
528 813 557 867 et
585 806 662 867 duas
691 804 753 867 uni
783 806 938 867 includere
968 811 1091 869 omnino
1120 812 1247 886 ratione,

138 907 214 967 quae
244 898 520 954 connumeretur:
554 895 597 952 sic
618 895 781 969 temporis,
811 893 885 969 loci,
916 896 1056 971 generis,
1081 894 1247 973 personae,

137 978 312 1056 dignitatis,
334 993 410 1040 cum
433 981 567 1055 quinque
589 981 665 1054 sint,
695 981 724 1038 in
748 985 811 1040 tres
834 980 977 1057 colligere
1001 983 1118 1043 activae
1141 990 1171 1044 et
1194 999 1249 1044 na-

138 1065 241 1126 turalis
270 1070 302 1126 et
329 1064 538 1144 theologicae,
573 1066 631 1126 has
661 1082 732 1126 vero
763 1069 899 1140 rursus,
921 1083 991 1127 cum
1018 1075 1081 1128 tres
1111 1071 1185 1139 sint,
1215 1071 1246 1128 in

137 1152 214 1212 duas
246 1167 327 1227 quae
356 1152 394 1213 ad
423 1154 629 1228 praesentiam
660 1157 750 1228 atque
775 1153 908 1213 futurum
937 1159 1092 1230 spectant,
1128 1161 1158 1215 et
1187 1155 1247 1215 has

137 1238 261 1299 demum
289 1240 318 1297 in
349 1240 637 1300 consummatoriam
666 1245 697 1299 et
724 1239 909 1315 simplicem,
945 1247 979 1301 ut
1001 1242 1100 1314 aiunt,
1131 1242 1247 1301 omnia-

137 1339 196 1400 que
230 1324 537 1401 comprehendentem
570 1323 754 1385 ineffahilem
785 1328 947 1402 rationem,
984 1327 1066 1387 unde
1094 1343 1149 1403 per
1177 1344 1248 1403 pro·

137 1412 329 1488 gressionem
358 1412 511 1491 generalis
541 1412 699 1471 modorum
721 1412 779 1472 sub
803 1413 1057 1489 contemplatione
1080 1415 1247 1489 scripturae

137 1497 231 1558 decas
263 1498 344 1559 lacta
377 1504 458 1575 erat,
487 1503 525 1558 et·
555 1499 585 1558 in
621 1514 728 1573 quam,
762 1502 796 1557 ut
827 1499 1021 1578 principium,
1057 1501 1248 1561 circumscri-

137 1585 240 1659 ptione
275 1585 384 1646 eadem
421 1586 514 1645 decas
547 1600 673 1644 reversa
704 1585 733 1643 in
769 1586 913 1645 unionem
946 1603 1052 1646 rursus
1088 1586 1245 1665 colligitur.

137 1672 237 1745 atque
260 1671 430 1732 secundum
453 1677 575 1747 tempus
597 1673 767 1746 scripturae
789 1673 865 1731 ratio
887 1678 1057 1748 spectatur,
1090 1690 1160 1733 cum
1184 1673 1247 1734 Ali·

137 1757 277 1832 quando,
308 1757 394 1834 lirat,
426 1751 496 1834 list,
528 1757 603 1834 Erit,
628 1759 707 1818 Ante
728 1757 804 1832 hoc,
832 1759 998 1836 Praesens,
1022 1759 1190 1830 Posthac,
1219 1766 1249 1820 et

138 1841 198 1907 Sub
219 1843 295 1921 hoc,
325 1850 356 1904 et
378 1846 423 1904 Ab
447 1846 544 1917 initio,
576 1843 789 1919 Praeteritum,
812 1842 975 1926 Futurum,
998 1862 1098 1905 annos
1120 1851 1151 1905 et
1172 1850 1249 1905 tem-

136 1934 273 2006 pestates
305 1937 335 1991 et
363 1947 486 1991 menses
516 1936 546 1990 et
567 1930 776 1992 hebdomades
800 1938 830 1992 et
855 1931 920 1991 dies
943 1938 974 1991 et
995 1937 1101 1992 noctes
1124 1931 1249 1992 horum-

137 2032 195 2092 que
217 2021 339 2093 portes,
363 2022 395 2078 et
417 2016 620 2093 qaodcunque
643 2017 819 2093 simpliciter
841 2022 961 2093 tempus
984 2017 1128 2088 denotat,
1151 2018 1248 2096 signi-

136 2105 221 2164 liont:
251 2104 423 2164 secundum
440 2104 562 2180 locum,
593 2121 663 2165 cum
685 2104 806 2164 caelum
829 2108 858 2163 et
880 2103 1017 2164 tellurem
1041 2108 1071 2164 et
1093 2119 1194 2163 aerem
1217 2110 1249 2162 et

139 2205 240 2262 mare,
261 2194 390 2264 terram,
412 2191 567 2267 terminos,
591 2191 743 2268 regiones,
765 2190 894 2265 insulas,
918 2191 1020 2260 urbes,
1043 2190 1126 2262 iana,
1150 2191 1246 2265 vicos,

139 2290 248 2356 agros,
279 2284 416 2348 montes,
445 2277 558 2353 valles,
589 2278 672 2351 vias,
702 2276 826 2347 iluvios,
857 2277 994 2352 deserta,
1019 2275 1122 2349 lacus,
1147 2291 1246 2350 areas,

138 2365 258 2437 vineta,
288 2368 319 2423 et
341 2363 515 2439 simpliciter
536 2364 739 2439 quodcunque
761 2364 862 2424 locum
886 2363 1048 2439 exprimat,
1081 2362 1247 2440 significat:

138 2448 308 2511 secundum
335 2465 435 2529 genus
464 2467 550 2526 vero,
585 2450 768 2528 generaliter
795 2451 926 2526 primum
956 2466 1024 2510 cum
1049 2449 1176 2526 angelos
1198 2448 1248 2508 vel

138 2536 281 2613 quicquid
305 2537 447 2597 caelestis
469 2543 517 2597 est
538 2536 783 2597 intellectualium
808 2537 1011 2597 essentiarum
1033 2535 1166 2606 ordinis,
1194 2535 1248 2595 de·

137 2621 209 2683 inde
237 2639 311 2684 vero
341 2619 431 2684 eiiam
461 2623 557 2683 solem
587 2629 617 2683 et
638 2624 760 2694 lunam,
796 2623 918 2694 stellas,
949 2625 1068 2701 ignem,
1098 2627 1128 2682 et
1150 2621 1249 2697 quod·
1315 2701 1317 2704 ·

137 2722 258 2786 cunque
280 2711 310 2768 in
334 2725 421 2783 aere,
450 2710 597 2780 interra,
628 2711 658 2768 in
684 2711 882 2780 mahomat,
913 2711 977 2770 sive
1000 2709 1158 2782 animalia,
1183 2709 1249 2768 sive
1314 2707 1315 2710 ’

137 2795 304 2872 noophyta‚
345 2797 409 2855 sive
442 2796 579 2872 plantae,
622 2803 652 2857 et
685 2794 889 2872 quodcunque
922 2814 960 2857 ex
996 2801 1077 2857 terra
1110 2794 1250 2856 effoditur

137 2883 315 2957 artibusque
344 2883 501 2943 hominum
531 2883 693 2952 subicitur,
724 2887 754 2943 et
782 2898 983 2958 quaecunque
1006 2883 1066 2942 alia
1088 2877 1248 2957 eiusmodi,

137 2968 286 3040 ostendit,
326 2968 498 3044 specialiter
532 2985 604 3028 vero
637 2984 762 3041 rursus,
803 2986 872 3029 cum
906 2969 1062 3043 homines,
1097 2971 1247 3040 nationes,

137 3055 285 3132 populos,
307 3054 448 3132 linguas,
471 3055 585 3130 tribus,
610 3060 734 3133 gentes,
758 3059 788 3115 et
810 3070 890 3129 quae
913 3059 984 3114 sunt
1002 3056 1122 3130 generis
1141 3053 1248 3113 huius·

139 3141 237 3215 modi,
261 3157 329 3202 cum
353 3157 479 3210 numero
503 3147 557 3201 aut
580 3142 646 3200 sine
668 3157 794 3200 numero
813 3141 962 3216 appellat:
992 3139 1161 3200 secundum
1180 3155 1248 3212 per-

138 3243 360 3300 sonam-vero,
383 3244 451 3288 cum
474 3226 556 3287 huno
579 3227 739 3304 angelum,
763 3227 810 3286 vel
833 3227 916 3286 hunc
939 3225 1176 3302 archangelum,
1199 3223 1248 3283 vel

138 3311 317 3390 Seraphim,
349 3313 398 3372 rel
429 3328 630 3388 quaecunque
660 3313 908 3374 intellectualium
937 3312 1077 3372 incaelo
1100 3308 1248 3370 essentia-

137 3417 221 3477 rum,
251 3401 375 3461 nomino
401 3392 551 3476 appellat,
583 3401 630 3459 vel
653 3400 824 3472 Abraham,
857 3399 905 3458 vel
934 3398 1037 3469 lsaac,
1068 3397 1116 3456 uel
1145 3395 1246 3470 Iacob,

138 3487 186 3547 vel
218 3485 312 3547 alium
347 3488 519 3562 quempiam
548 3502 652 3546 eorum
683 3488 732 3560 qui
761 3487 791 3545 in
822 3487 973 3561 scriptura
1003 3490 1058 3544 aut
1084 3482 1249 3542 laudantur

138 3577 192 3634 aut
213 3573 440 3648 vituperantur,
473 3574 595 3632 nomine
617 3573 757 3633 denotat:
799 3572 967 3632 secundum
990 3571 1168 3648 dignitatem
1193 3585 1248 3650 au-

136 3665 214 3732 tern,
238 3659 361 3734 quaudo
384 3674 528 3736 reguum,
552 3664 605 3719 aut
627 3676 747 3737 regem,
772 3664 825 3717 aut
844 3663 1016 3734 pastorem,
1040 3662 1094 3717 eut
1113 3670 1246 3733 gregem,

136 3749 191 3806 aut
219 3744 428 3819 sacerdotem,
459 3751 511 3805 aul
540 3745 761 3818 sacerdotium,
792 3749 845 3804 aut
873 3743 1055 3820 agricolam,
1084 3747 1137 3802 aut
1159 3757 1248 3816 prae-

136 3837 253 3905 torem,
287 3835 340 3891 aut
368 3830 582 3907 architectum,
615 3837 643 3892 et
674 3831 849 3906 simpliciter
879 3832 906 3889 si
935 3829 1005 3905 quid
1034 3828 1118 3888 aliud
1142 3825 1247 3886 eoru'm

137 3919 250 3994 quibus
277 3917 445 3978 humanum
477 3935 574 3996 genus
604 3918 748 3976 dividitur
771 3916 937 3976 studiorum
962 3921 993 3975 et
1013 3915 1246 3990 professionum.

137 4003 348 4079 Quaecunque
362 4008 365 4013 '
384 4005 465 4064 enim
505 4005 637 4079 quinque
675 4003 735 4063 illis
774 4003 872 4062 modis
912 4000 1135 4076 comprehensa
1170 4002 1248 4060 ratio

136 4090 287 4165 ostendit,
322 4091 458 4152 essentia
486 4097 516 4152 et
542 4094 694 4166 potestate
717 4094 746 4150 et
769 4090 902 4164 actione,
937 4087 1087 4163 primariis
1109 4088 1191 4147 circa
1213 4104 1250 4147 ea

135 4177 400 4250 distinctionibus,
430 4178 646 4252 consistentia,
678 4192 716 4236 ea
746 4180 869 4236 movent
896 4176 1020 4235 omnino
1047 4179 1101 4234 aut
1121 4189 1248 4234 moven-

135 4270 201 4335 tur,
231 4270 328 4342 agunt
350 4270 403 4324 aut
426 4269 575 4341 aguntur,
606 4268 745 4338 spectant
768 4269 822 4322 aut
844 4266 1036 4338 spectantur,
1068 4261 1173 4321 dicunt
1195 4264 1249 4320 aut

136 4352 297 4423 dicuntur,
333 4351 441 4410 docent
474 4356 527 4410 aut
555 4351 717 4423 docentur,
752 4349 912 4410 advertunt
945 4352 998 4409 aut
1030 4351 1186 4417 avertunt,
1219 4350 1250 4404 et
