2752 4778
1162 151 1210 223 to

111 346 134 388 ιι
174 331 302 392 vitam'
318 332 523 409 transitoriam
552 335 582 393 in
606 333 708 393 divina
732 333 921 404 summitate,
954 335 1120 412 neglexero
1144 350 1214 395 vero

111 415 279 478 itormem
315 417 452 478 habitum
487 437 535 481 me
569 422 668 497 ipsum
702 419 741 477 ad
770 422 905 494 corporis
937 421 1032 481 libens
1061 420 1213 482 inclinans

112 503 307 576 siderium,
343 504 488 580 dereptus
518 524 587 566 sum
618 510 765 582 gravatus
789 507 907 580 pueris,
936 507 965 564 id
989 515 1036 567 est
1058 509 1154 582 curis,
1185 513 1214 568 et

124 589 197 650 deo
237 589 354 664 cecidi,
396 597 501 666 utpote
531 593 569 652 de
598 593 664 652 solo
692 607 788 668 regno
816 592 969 653 caelorum
998 596 1213 670 cogitationem

133 677 401 755 inquisitionem,
435 680 481 738 cui
506 695 566 739 non
589 679 716 748 licebat,
750 682 889 738 terrenae
911 679 979 739 dico
1001 683 1098 756 vitae,
1111 678 1114 688 '
1129 681 1213 741 attri-

112 778 213 838 tens,
248 771 281 824 et
310 764 453 824 sensibus
476 765 677 835 conterendo,
711 780 802 839 quam
825 765 864 824 ad
887 765 977 825 deum
1002 767 1127 826 ferendo
1148 768 1214 827 ani-

114 867 178 910 am
205 849 431 910 dehonestans.
477 849 508 910 Si
532 868 603 911 vero
626 850 727 912 adhue
749 867 803 926 per
825 853 954 911 activam
977 853 1069 912 vitam
1088 852 1213 913 bellator

112 941 208 996 »ntra
245 942 380 996 armatas
415 938 578 1012 passiones
611 954 696 1012 sum,
739 937 875 998 nondum
905 953 959 1013 per
992 956 1046 999 eas
1075 940 1213 1014 accipere

112 1022 271 1085 alentium
300 1023 490 1083 inimicorum
516 1041 592 1100 pure
621 1023 768 1100 effugiens
794 1023 898 1099 dolos,
928 1030 959 1083 et
980 1026 1113 1086 dilexere
1136 1025 1214 1086 indi-

112 1117 199 1170 ·rete
230 1124 361 1185 corpus,
396 1110 536 1172 detentus
567 1128 635 1172 sum
659 1112 698 1170 ab
722 1127 772 1184 eo,
809 1110 947 1170 videlicet
969 1112 1008 1170 ad
1029 1112 1103 1173 illud
1126 1111 1213 1172 babi-

112 1213 157 1256 rm
184 1211 205 1254 a
226 1197 340 1256 virtute
362 1199 497 1272 separari
519 1213 731 1274 praesumens.
777 1195 927 1272 Deripitur
951 1199 1054 1272 itaque
1077 1202 1213 1259 contem·

112 1283 255 1352 latirus,
289 1282 507 1343 immoderatus
539 1285 600 1344 iam
635 1299 690 1359 per
720 1284 856 1342 habitum
886 1283 1053 1344 adveniens
1083 1286 1211 1358 corpori,

112 1370 277 1428 ivinarum
299 1369 459 1446 negligens
483 1369 788 1445 contemplationum:
825 1369 976 1430 detinetur
998 1388 1069 1430 vero
1093 1373 1211 1431 activus

113 1456 220 1530 orpori
257 1471 399 1532 pugnans
433 1455 524 1516 datus
554 1458 593 1516 ad
621 1458 722 1532 ipsum
750 1456 925 1528 luctationi,
960 1457 1127 1518 laborando
1158 1474 1212 1532 pro

113 1543 228 1612 intuta,
271 1557 349 1615 quae
382 1546 430 1601 est
463 1545 584 1603 animae
613 1542 753 1615 libertas,
795 1558 903 1602 servus
932 1559 1003 1603 esse
1034 1544 1211 1620 passionum

113 1627 229 1704 ligans.

113 1797 282 1874 Eiusdem
304 1813 351 1872 ex
372 1799 501 1873 eodem
522 1785 706 1890 sermone,
735 1802 773 1872 in
797 1799 884 1890 hoc,
911 1795 1024 1890 ,Quae
1048 1823 1131 1898 erga
1151 1824 1210 1872 me

150 1903 351 2001 sapientia,
380 1912 415 1976 et
438 1905 538 2002 quod
558 1929 732 2002 magnum
753 1901 996 2001 mysterium?
1048 1902 1106 1975 An
1127 1902 1211 1976 vult

152 2015 298 2105 partem
321 2030 386 2079 nos
410 2030 487 2081 esse
511 2007 586 2099 dei,
615 2016 652 2081 et
670 2007 862 2081 desursum
879 2004 1052 2096 fluentea,
1079 2014 1210 2078 utnon

153 2134 221 2209 per
250 2109 465 2207 dignitatem
498 2111 665 2202 exaltati,
700 2120 737 2184 et
765 2109 935 2183 caelestia
961 2108 1209 2206 contemplan-

155 2224 211 2288 tes
245 2213 486 2311 despiciamus
519 2223 715 2288 creatorem
738 2216 776 2287 in
802 2213 1001 2285 luctatione
1024 2238 1065 2294 ac
1089 2235 1209 2309 pugna

156 2341 251 2416 qnae
281 2327 407 2389 contra
424 2322 569 2416 'corpus
600 2328 669 2409 est,
705 2318 751 2390 ad
778 2317 1066 2414 ipsum‘semper
1090 2314 1208 2411 adspi-

155 2419 348 2511 ciendum,
383 2431 419 2493 et
452 2422 686 2494 coniunctam*
713 2419 963 2493 infirmitatem
988 2418 1209 2491 nutrituram

155 2548 234 2597 esse
259 2523 469 2621 dignitatis!

210 2663 295 2724 llaec
317 2663 440 2739 quidam
465 2671 686 2740 consequentes
710 2665 818 2738 verba,
850 2663 1042 2738 nullamque,
1064 2669 1097 2722 ut
1121 2681 1209 2739 opor-

115 2759 161 2822 et,
198 2767 254 2826 pro
288 2750 391 2811 labore
419 2751 618 2825 inquirendae
648 2751 781 2810 veritatis
811 2751 984 2810 mercedem
1015 2750 1208 2826 accipientes,

115 2839 140 2898 td
164 2836 195 2897 id
218 2832 300 2912 quod
323 2837 411 2897 facile
433 2843 481 2898 est
502 2844 532 2898 et
554 2838 665 2898 multas
688 2836 780 2896 babet
801 2838 861 2896 iam
887 2853 925 2896 ex
948 2835 1131 2896 Graecorum
1155 2837 1209 2896 do·

115 2925 205 2985 :trinis
229 2923 427 3000 occasiones,
451 2925 644 3001 confugiunt,
669 2924 806 2984 dicentes
830 2923 983 2997 quandam
1002 2924 1154 2994 extitisse,
1176 2929 1209 2982 ut

115 3012 146 3072 tis
163 3012 265 3071 visum
288 3016 351 3084 est,
384 3010 605 3071 rationabilium
628 3011 792 3082 unitatem,
820 3026 986 3088 perquam
1011 3011 1133 3087 cognati
1157 3026 1209 3069 sn·

115 3113 171 3158 nus
185 3097 262 3169 deo,
288 3099 542 3172 mansionemque
559 3099 590 3156 ia
610 3100 676 3171 ipso
700 3097 890 3157 habebamus
914 3101 944 3156 et
967 3095 1208 3156 collocationem.

115 3183 213 3245 ldbuc
236 3199 308 3243 vero
331 3184 489 3244 etinctum
505 3189 634 3254 motum,
657 3201 695 3244 ex
710 3199 770 3258 quo
789 3183 929 3259 dispersa
945 3187 1017 3242 sunt
1037 3181 1209 3243 differenter
1230 3210 1237 3225 ·

116 3270 264 3330 ationalia
288 3268 326 3328 ad
357 3272 584 3347 generationem
613 3269 779 3346 corporalis
806 3269 897 3329 huius
923 3269 1041 3343 mundi,
1081 3266 1208 3339 ideum-

115 3373 159 3432 [ιιι
192 3352 330 3416 noscens
363 3362 578 3432 praeparatam
612 3358 739 3433 gratiam
774 3356 869 3432 ligare
904 3373 941 3416 ea
971 3355 1147 3430 corporibus
1178 3356 1206 3414 in

115 3443 248 3504 taonem
279 3457 383 3502 eorum
414 3458 493 3517 quae
522 3447 593 3503 ante
617 3443 781 3501 commissa
805 3448 891 3513 sunt,
923 3450 953 3502 et
976 3441 1033 3502 boc
1057 3457 1110 3516 per
1132 3438 1208 3500 haec

115 3532 280 3591 nsinuasse
313 3529 500 3605 magistrum.
568 3526 626 3587 Sed
660 3532 803 3606 ignorant
831 3529 982 3604 quomodo
1010 3526 1208 3601 impossibilia

116 3620 272 3692 aquantur
310 3620 340 3674 et
376 3615 581 3690 inopportuna
620 3616 869 3687 considerantur,
915 3616 993 3675 sicut
1038 3611 1208 3688 procedens

116 3702 231 3763 ostbac
259 3697 537 3776 'consequensque
566 3717 602 3760 ac
632 3717 704 3761 vera
733 3700 910 3785 approbabit
931 3702 1016 3759 ratio.
1074 3697 1105 3757 Si
1128 3700 1207 3758 enim

116 3792 177 3850 leus
200 3787 398 3848 immutabilis
422 3794 483 3862 est,
508 3791 617 3861 utputa
640 3789 773 3847 omnium
797 3786 970 3863 plenitudo,
994 3801 1082 3844 omne
1105 3789 1207 3844 autern

170 3983 193 4033 1.
216 3983 288 4033 llaec
308 3995 358 4047 non
377 3988 428 4029 tam
449 3986 570 4044 corrupta
588 3993 664 4042 qnam
686 3993 735 4027 non
757 3979 822 4028 bene
841 3975 972 4025 intellecta
991 3973 1113 4036 aScoto,
1131 3976 1208 4025 adeo·

116 4066 150 4114 =ne
168 4051 237 4102 male
255 4064 380 4100 conversa
398 4049 435 4098 ita
451 4047 579 4113 retinges:
603 4061 638 4099 es
656 4060 711 4112 quo
730 4044 900 4111 differenter
916 4047 1048 4108 dispersa
1069 4046 1207 4096 rationa-

116 4122 158 4180 ta,
183 4123 224 4172 ad
238 4120 454 4185 procreandum
472 4119 547 4168 tnnc
564 4119 746 4179 corporalem
763 4117 917 4177 nrrrndnm,
941 4116 1025 4165 deum
1042 4115 1142 4166 videre
1158 4128 1209 4165 co-

116 4193 172 4240 mta
192 4193 280 4255 aaut,
313 4202 347 4240 ea
369 4190 404 4239 de
421 4202 512 4239 causo
531 4189 608 4251 quod
624 4189 690 4250 ipsa
708 4186 880 4248 corporibus
898 4186 1034 4248 ligasset,
1060 4186 1091 4234 in
1109 4197 1208 4234 eorum

116 4272 173 4311 arae
189 4261 281 4312 antea
297 4259 491 4324 peccaverant
508 4258 746 4308 vindicationem.
809 4255 832 4306 ’2.
853 4255 930 4303 l'orte
948 4266 1012 4316 cum
1033 4254 1208 4304 verisimili·

117 4331 209 4381 urdine.
247 4329 358 4390 Legerat
376 4325 470 4376 Scotns
489 4319 611 4381 ἴποντος.
639 4321 732 4388 (Gale.)
