2752 4778
1073 196 1122 274 ab

28 380 112 446 iuram
153 381 355 444 clarissimam
394 396 449 459 per
489 396 594 444 veram
634 384 793 445 scientiam
831 383 932 460 ipsam
965 382 1123 444 veritatem

26 464 230 545 ''ostendens3
268 467 318 528 his
355 468 506 528 ambobus
543 469 674 530 maxime
709 476 830 531 creatur
863 470 962 530 omnis
999 470 1123 546 sapiens

25 556 108 617 ditus
138 559 170 615 et
198 554 382 624 custoditur,
418 555 457 614 ab
485 553 534 613 his
565 555 654 617 etiam
685 555 898 617 manifestatur
924 570 1122 633 percorpus,

22 656 74 705 non
95 646 171 703 tota.
227 639 294 701 Non
317 641 398 700 euim
421 641 539 716 capitur
562 657 689 717 corpore
711 642 784 701 dum
806 643 847 702 sit
867 640 1026 702 character
1048 641 1124 701 divi·

21 728 267 806 neapotentiae,
291 726 345 787 sed
370 726 520 802 quaedam
544 742 649 789 eorum
672 742 752 803 quae
773 729 871 803 ipsius
890 733 963 789 sunt
980 728 1122 802 umbrae;

20 812 125 874 athos
147 829 209 873 non
230 818 354 891 propter
376 813 547 888 seipsam,
570 819 699 890 propter·
712 813 813 873 nudos
837 828 909 874 vero
931 815 1028 891 ipsius
1051 830 1123 892 gra-

19 901 54 961 tia
83 904 121 960 ut
154 901 186 958 in
222 898 420 960 imitationem
454 899 579 958 veniant
615 899 769 960 deiformis
806 900 912 961 deum·
932 900 1122 978 diligentium

20 987 145 1047 virorum
174 986 433 1060 conversationis3
468 989 502 1044 ut
531 1001 585 1061 per
614 985 878 1064 participationem
907 987 977 1044 boni
1005 991 1035 1046 et
1063 986 1122 1063 ipsi

20 1071 145 1133 malitiae
171 1071 388 1149 turpimdrnem
416 1071 606 1149 deponentes
638 1073 799 1150 dignorum
828 1071 884 1132 deo
912 1077 1017 1149 partes
1039 1071 1122 1143 fiant,

20 1164 67 1219 aut
100 1157 299 1234 deprecantes
332 1152 515 1218 adiutorium
547 1158 700 1232 quoddam
729 1173 747 1216 a
773 1158 945 1233 potentibus
974 1158 1122 1232 consequi

20 1251 46 1305 nt
66 1243 219 1304 occultum
241 1244 273 1303 in
294 1242 445 1320 profundo
469 1243 591 1303 animae
613 1245 793 1304 eximiorum
814 1242 954 1304 aflectum
976 1260 1031 1320 par
1053 1260 1121 1305 eor·

20 1346 70 1404 nus
92 1331 214 1391 actione
236 1328 398 1411 manifesta
419 1330 619 1404 accipientes,
655 1332 757 1390 omnia
777 1331 809 1388 in
831 1331 973 1390 omnibus
995 1331 1118 1404 factam,

21 1422 45 1476 tt
68 1432 124 1495 per
152 1417 256 1476 omnia
285 1416 426 1475 omnibus
446 1421 643 1489 praesentem
666 1416 715 1476 dei
737 1416 959 1492 providentiam
982 1421 1013 1476 et
1034 1418 1118 1492 ipsos

22 1501 153 1577 iaudent3
187 1507 221 1561 ut
247 1501 272 1559 si
295 1517 385 1561 nemo
409 1505 492 1561 esset
515 1502 566 1576 qui
589 1502 666 1562 bene
688 1518 780 1577 agere
802 1501 1033 1579 deprecaretur,
1063 1518 1118 1562 seu

22 1588 63 1663 qul
91 1589 131 1648 ad
162 1587 300 1647 virtutem
331 1587 469 1661 exemplo
494 1588 615 1648 formari
637 1587 760 1660 debeat,
789 1589 890 1664 ipsum
913 1589 1012 1648 solum
1036 1589 1120 1649 suifi-

23 1688 80 1735 terc
107 1673 166 1734 sibi
194 1675 331 1749 omnino,
375 1689 454 1749 quae
485 1673 652 1734 secundum
684 1676 817 1734 animam
851 1681 939 1750 sunt,
974 1676 1118 1735 virtutum

22 1757 99 1821 danis
128 1759 290 1820 fruentem.
346 1759 383 1817 Et
412 1759 479 1819 sine
509 1776 613 1820 earum
642 1777 696 1836 per
724 1776 835 1836 corpus
862 1761 901 1821 ad
924 1761 1118 1821 manifestum

22 1846 229 1923 approbatione
258 1862 319 1904 non
344 1849 393 1905 est
413 1846 616 1923 incongruum
638 1846 748 1907 dicere.
803 1845 860 1919 Qui
881 1846 973 1923 igitur
993 1848 1043 1924 pie
1064 1862 1119 1924 per

21 1932 298 2009 contemplationem
321 1930 475 2008 intelligit,
505 1932 657 2006 quomodo
680 1932 796 1992 habent
818 1947 856 1992 ea
879 1947 958 2006 quae
975 1936 1067 2004 sunt,
1090 1937 1119 1992 et

19 2032 63 2090 per
90 2016 271 2078 rationabile
299 2017 459 2077 consilium
489 2018 680 2079 considerate
705 2023 846 2079 acrecte
868 2016 1003 2091 deipsis
1026 2019 1119 2078 ratio-

18 2116 79 2166 nem
116 2103 245 2175 diffinit,
283 2109 314 2164 et
346 2103 478 2164 custodit
510 2105 630 2165 sibimet
655 2103 815 2179 iudicium,
856 2104 954 2179 magis
982 2119 1055 2165 vero
1085 2120 1118 2164 sc

14 2188 109 2265 ipsum
130 2189 245 2250 iudicio
267 2191 581 2265 irreprehensibilem,
605 2206 725 2249 omnem
748 2189 839 2249 simul
856 2188 1118 2264 comprehendens

13 2271 101 2339 labet
130 2277 291 2352 virtutem3
330 2275 370 2334 ad
398 2275 472 2336 nihil
501 2276 583 2337 aliud
613 2283 683 2352 post
706 2276 860 2353 cognitam
883 2276 1041 2336 veritatem
1064 2276 1120 2336 ad-

10 2357 65 2425 hnc
87 2368 209 2433 motus,
238 2366 269 2422 et
290 2363 393 2422 omnia
414 2363 567 2439 praeteriit
589 2363 769 2422 festinanter
790 2361 902 2422 nullius
925 2363 1047 2431 omnino
1069 2379 1120 2422 ra·

10 2449 121 2511 tionem
157 2448 275 2510 iaciens
304 2464 410 2509 eorum
439 2463 641 2524 quaecunque
670 2450 769 2508 carnis
799 2451 829 2506 et
857 2448 961 2508 mundi
989 2455 1061 2510 sunt
1089 2454 1120 2509 et

10 2533 166 2611 licentum
194 2534 387 2595 informatam
406 2533 524 2595 habens
543 2537 603 2595 iam
622 2537 739 2595 ratione
757 2533 1027 2610 comprehensam,
1051 2536 1119 2596 sine

10 2639 130 2703 mgna,
165 2622 333 2697 actionem;
369 2622 479 2698 qnippe
507 2638 627 2682 omnes,
644 2623 766 2682 sibimet
786 2620 999 2681 intellectualis
1021 2623 1118 2682 nostri

10 2708 241 2773 intentissimas
269 2708 473 2783 impassibiles
502 2708 637 2767 inferens
666 2708 813 2783 rationes,
843 2723 897 2783 per
919 2724 995 2784 quas
1017 2709 1117 2768 omnis

10 2800 102 2858 'irtus
132 2798 165 2855 et
192 2795 325 2853 scientia
348 2798 396 2853 est
425 2800 455 2853 et
477 2795 616 2854 consistit
636 2795 716 2864 iure,
753 2793 823 2854 dum
848 2794 908 2854 sint
929 2796 1117 2856 rationabilis

10 2884 130 2945 ‚nimae
158 2880 330 2957 potentiam
362 2883 397 2939 ut
426 2881 487 2940 sint
516 2881 637 2957 quidem
660 2881 783 2940 omnino
806 2896 933 2957 corpore
954 2897 1016 2941 non
1038 2882 1117 2941 indi·
1157 2944 1159 2949 ,

10 2974 136 3041 rentes,
173 2970 208 3026 nt
236 2982 308 3025 vere
338 2966 518 3028 manifestae
547 2969 608 3026 sint
636 2970 758 3042 propter
787 2981 902 3026 causas
932 2968 1115 3044 praedictas,

10 3052 182 3118 ecundnm
205 3057 339 3128 tempus,
370 3067 408 3112 eo
431 3054 475 3113 uti
496 3069 558 3113 non
576 3053 793 3128 vituperantur.
839 3051 949 3113 bisunt
969 3055 1049 3137 euim
1071 3056 1117 3113 in-

10 3138 190 3204 eiiectualis
219 3153 305 3213 esse,
336 3139 509 3214 specialiter
540 3140 680 3199 notiones
702 3137 951 3214 intelligibilium,
981 3141 1115 3215 virtutes,

12 3227 173 3297 cientias,
195 3225 305 3285 artium
328 3226 480 3296 rationes,
502 3225 708 3301 propositum,
731 3223 907 3295 consilium,
935 3226 1118 3302 generaliter
1201 3241 1202 3244 ¹

10 3333 77 3377 'ero
108 3311 240 3391 indicia,
275 3313 535 3385 comparationes,
567 3311 675 3388 fugas,
706 3311 877 3386 appetitus,
908 3317 938 3370 et
965 3311 1116 3387 quaedam

10 3400 133 3477 pardem
156 3414 226 3457 esse
249 3397 344 3456 solius
368 3397 538 3458 secundum
560 3400 695 3459 animuin
719 3397 998 3473 contemplationis,
1023 3413 1119 3473 quae-

10 3489 76 3550 iam
106 3500 181 3544 vero
208 3483 377 3544 secundum
399 3484 549 3545 rationem
570 3483 771 3560 disciplinalis
791 3484 953 3559 potentiae.
1008 3482 1039 3543 Si
1061 3500 1117 3545 au-

10 3591 65 3638 em
88 3570 204 3633 talibus
227 3569 410 3630 custoditam
431 3571 583 3646 propriam
605 3571 697 3631 vitam
724 3570 824 3629 sancti
846 3576 1115 3645 conservaverunt,

10 3663 99 3741 gitur
130 3655 377 3732 comprehensim
397 3673 452 3732 per
473 3658 622 3717 rationem
644 3662 675 3716 et
697 3657 982 3732 contemplationem
1005 3658 1115 3718 beatus

10 3752 62 3808 ste
94 3745 142 3803 vir
169 3758 294 3813 omnes,
324 3758 402 3818 quae
431 3747 504 3804 sunt
530 3741 701 3804 secundum
730 3743 870 3804 virtutem
895 3750 926 3803 et
947 3744 1115 3817 scientiam,

10 3829 175 3894 ntroduxit
202 3830 338 3890 rationes
369 3846 387 3890 a
416 3830 529 3889 sanetis
559 3826 817 3904 comprehensas,
851 3845 906 3905 per
934 3845 1011 3904 quas
1041 3829 1117 3890 divi·

11 3934 81 3981 ram
112 3915 251 3977 notitiam
279 3932 333 3990 per
356 3917 643 3991 contemplationem
666 3915 796 3973 scienter
818 3916 1017 3991 accipientes,
1045 3933 1116 3994 pru-

10 4006 117 4067 lenter
147 4000 318 4062 secundum
347 4003 494 4063 rationem
524 4017 578 4077 per
599 4002 726 4061 virtutes
748 4001 881 4061 divinam
904 4002 1024 4065 sibimet
1045 4019 1117 4064 coa-

10 4097 135 4165 ptavere
162 4087 292 4148 formam
320 4089 459 4164 omnino,
488 4104 550 4148 non
580 4103 651 4148 esse
672 4088 881 4148 necessarium
902 4089 1041 4150 iudicans
1063 4106 1118 4164 per

10 4193 122 4253 :orpus
145 4175 302 4234 nominare
325 4177 493 4246 actionem,
515 4190 706 4251 cognoscens
729 4190 790 4233 non
814 4190 881 4235 eam
904 4177 1022 4237 virtutis
1045 4193 1116 4236 esse

79 4373 123 4428 34.
141 4372 212 4440 Lege
231 4374 417 4428 ostenderitis.
438 4371 535 4439 (Gale.)
