2752 4778
1211 171 1232 245 'l

185 359 224 432 de
238 355 345 446 Pace,
382 353 541 446 ,Unitate
566 355 741 428 nimirum
760 353 807 426 ob
829 355 976 431 divitias
996 370 1104 448 mota,
1132 357 1233 432 bina·

144 541 148 549 ,
182 462 232 535 rio
257 469 381 534 autem
408 467 578 556 superato
604 467 754 556 propter
779 461 970 533 materiam
1005 472 1040 535 et
1065 465 1231 553 formam,

180 563 383 663 exquibus
406 585 558 660 corpora
580 573 760 651 constant,
787 561 949 636 trinitate
972 589 1060 638 vero
1084 576 1233 663 propter

178 667 437 766 perfectionem
462 664 635 737 definita!

230 799 283 861 llis
305 804 336 860 in
355 801 470 874 verbis,
501 799 584 861 odai
606 817 710 869 serve,
735 802 904 876 speculanti
923 805 972 862 tibi
994 810 1120 879 apparet
1139 821 1232 879 quae·

138 888 194 947 daut
223 903 295 948 esse
325 886 532 960 dissonantia,
565 888 590 945 si
621 903 691 945 vero
715 886 889 964 diligentius
912 891 1102 962 quaesiveris
1125 906 1230 950 eorum

137 975 374 1044 consonantiam,
403 978 432 1032 et
461 988 533 1032 veru
556 980 585 1034 ει
608 973 832 1048 simplicissima
856 975 1024 1036 secundum
1049 979 1230 1038 sententiam

137 1059 346 1138 deprehendes.
407 1057 488 1118 idem
512 1061 592 1119 enim
615 1075 740 1134 prorsus
765 1067 811 1119 εει
834 1065 972 1136 superari
995 1061 1093 1137 dyada
1117 1069 1147 1122 et
1170 1079 1228 1123 non

137 1151 206 1207 stare
226 1148 257 1207 in
281 1145 397 1222 dyade,
435 1153 464 1205 et
487 1161 590 1206 rursus
613 1146 728 1205 deliniri
750 1147 862 1219 triada,
900 1154 930 1206 et
952 1154 1066 1208 motum
1091 1149 1230 1210 monadis

138 1238 206 1293 stare
227 1235 257 1292 iu
282 1231 398 1299 triade,
421 1231 569 1305 siquidem
592 1233 797 1292 monarchiam
822 1233 950 1293 colimus
975 1251 1034 1294 non
1055 1251 1177 1310 parcam
1200 1241 1230 1296 et

138 1321 161 1378 in
186 1334 247 1380 una
276 1333 409 1395 persona
439 1321 714 1395 circumscriptam,
745 1327 797 1378 ant
820 1320 879 1378 alia
902 1336 938 1378 er
964 1327 1047 1395 parte
1071 1321 1228 1382 confusam

139 1411 162 1465 ει
178 1407 206 1464 in
227 1406 375 1465 inlinitum
400 1412 640 1480 procurrentem,
673 1406 727 1465 sed
751 1406 919 1466 istiusmodi
943 1408 1039 1482 potius
1064 1423 1156 1481 otiam
1178 1409 1230 1466 tri-

141 1492 204 1552 nitas
229 1493 372 1554 essentia
404 1497 433 1550 et
462 1491 577 1551 bonore
608 1491 760 1565 aequalis,
800 1499 902 1566 pater,
939 1493 1016 1552 lilius
1047 1500 1075 1552 et
1105 1495 1228 1570 spiritus

142 1583 249 1638 sanctus
276 1579 440 1638 constituit.
493 1576 604 1638 Horum
634 1578 754 1638 divitiae
784 1587 831 1638 est
854 1596 890 1638 eu
913 1581 1088 1651 consensio,
1120 1597 1229 1640 unum·
1322 1603 1324 1606 ·

142 1679 187 1739 que
212 1671 241 1726 et
267 1663 349 1724 idem
380 1663 549 1739 splendoris
580 1664 739 1738 eradiatio,
780 1668 820 1725 ita
850 1673 884 1724 ut
907 1682 1005 1740 neqne
1029 1666 1170 1728 divinitas
1194 1683 1228 1727 se

143 1749 205 1811 ultra
231 1752 309 1812 baec
338 1749 487 1820 effundat,
518 1768 556 1811 ne
580 1750 705 1810 deorum
727 1753 870 1826 populum
894 1753 1138 1826 introducamus,
1171 1769 1228 1813 neo

143 1841 224 1897 tamen
252 1838 329 1897 infra
360 1835 411 1896 illu
442 1855 476 1896 sc
506 1837 674 1907 contrabit,
708 1854 746 1896 ne
769 1840 902 1913 inopiam
924 1841 952 1897 in
977 1839 1132 1899 divinitate
1156 1855 1228 1900 con-

143 1923 294 1984 stituamus.
346 1921 428 1984 llaec
457 1925 548 2000 igitur
571 1939 632 1983 non
656 1931 726 1984 snut
749 1925 912 2002 aetiologia
935 1926 973 1986 ad
997 1942 1122 1986 causam
1144 1925 1226 1986 illam

144 2009 363 2086 explanandam,
402 2025 480 2084 quae
515 2011 778 2088 r·ernmotnuium
808 2014 960 2072 essentias
990 2011 1228 2089 supergreditur,

145 2095 184 2156 sed
203 2096 270 2172 piae
289 2095 439 2172 opinionis
457 2096 495 2154 de
514 2113 551 2156 oa
570 2103 685 2157 tautum
707 2096 879 2158 declaratio.
928 2098 978 2158 b'st
998 2114 1103 2158 revera
1126 2098 1226 2159 deitas

145 2198 250 2258 nonas,
278 2189 309 2242 et
338 2182 522 2259 non‘dyas,
553 2191 599 2244 est
621 2184 710 2244 etiam
734 2185 866 2258 trinitas,
897 2186 950 2244 sed
975 2200 1034 2243 uon
1060 2184 1226 2244 multitudo.

145 2266 286 2329 atenim
319 2271 386 2330 sine
415 2269 577 2345 principio,
609 2286 716 2346 expers
741 2272 892 2345 certioris,
924 2276 952 2330 et
974 2272 1053 2329 omni
1079 2269 1227 2329 seditione

145 2369 228 2416 vacua.
281 2355 318 2415 lit
348 2371 455 2416 monas
485 2371 517 2416 re
545 2359 610 2432 ipsa
636 2373 741 2416 anonas
767 2362 813 2416 est
837 2359 950 2438 (neque
974 2358 1054 2416 enim
1077 2363 1125 2416 est
1148 2358 1227 2431 prin—

144 2441 233 2516 cipium
256 2457 362 2503 eorum
385 2457 463 2518 quae
487 2448 557 2502 sunt
578 2449 649 2520 post
669 2459 712 2512 εε,
736 2459 788 2519 per
806 2446 1041 2505 contractionem
1060 2443 1225 2514 divisionis,

144 2543 170 2587 uc
191 2531 213 2588 si
242 2529 417 2589 naturaliter
448 2529 586 2590 tenderet
615 2538 644 2590 et
671 2528 849 2589 diffunderet
877 2548 910 2590 se
940 2532 970 2589 in
995 2530 1226 2604 multitudinem,

144 2613 185 2674 scd
203 2620 249 2676 est
268 2615 342 2675 illud
365 2616 446 2690 quod
470 2617 557 2676 unice
581 2617 719 2676 subsistit
740 2618 769 2674 in
793 2618 923 2677 trinitate
946 2615 1226 2694 cousubstantialil:

143 2702 292 2762 tttrinitas
315 2703 437 2778 reipsa
461 2703 578 2762 trinitas
602 2709 662 2775 est,
697 2719 756 2762 non
780 2703 898 2779 quidem
920 2705 1090 2780 cotnposila
1113 2721 1151 2764 ex
1170 2719 1227 2763 nu-

144 2801 206 2846 nero
233 2788 381 2863 discreto,
414 2805 450 2848 ac
474 2790 499 2847 si
522 2793 604 2849 esset
627 2790 774 2849 unitatum
799 2789 952 2863 collectio,
988 2807 1065 2865 quae
1088 2790 1227 2850 divisioni

143 2878 206 2934 esset
239 2876 387 2948 obnoxia,
428 2875 482 2935 sed
520 2882 565 2937 est
601 2877 855 2936 uui-essentialis
891 2879 1061 2937 substantia
1092 2877 1226 2944 unitatis,

143 2958 163 3017 in
181 2975 234 3036 qna
256 2965 318 3021 tres
342 2966 414 3022 sunt
436 2961 633 3037 hypostases3
670 2965 771 3023 unitas
794 2965 874 3022 euim
898 2969 946 3023 est
967 2965 1102 3034 trinitas,
1132 2979 1227 3038 quon·

142 3044 187 3106 ian
210 3047 279 3108 talis
308 3053 357 3108 est
383 3049 448 3109 eius
479 3049 631 3120 essentia,
663 3055 692 3109 cl
722 3050 838 3109 trinitas
871 3051 979 3124 etiam,
1009 3053 1152 3125 qnoniam
1174 3050 1226 3110 tali

143 3132 213 3194 nodo
241 3135 398 3206 subsistit,
432 3134 679 3210 quandoquidem
709 3136 805 3197 deitas
829 3137 997 3197 inanitate
1022 3137 1175 3196 essentiae
1198 3142 1244 3208 et,

142 3217 163 3275 in
185 3220 314 3282 trinitate
345 3222 561 3282 subsistentiae
591 3237 653 3296 una
681 3229 736 3283 est.
794 3220 824 3280 Si
853 3239 922 3281 vero
953 3227 1067 3282 motum
1098 3221 1226 3281 audiens

142 3304 248 3368 miratus
278 3306 370 3368 fueris
402 3309 452 3382 qui
475 3309 587 3368 moveri
609 3308 706 3386 possit
728 3309 842 3378 deitas,
876 3326 954 3384 qnae
978 3307 1068 3370 nullis
1092 3309 1226 3368 terminis

141 3394 305 3468 conbustus,
343 3393 501 3471 sciendum
538 3399 585 3454 est
623 3411 690 3455 enin
728 3394 868 3456 allectum
903 3412 962 3455 non
993 3397 1031 3454 ab
1060 3396 1127 3470 ipsa
1157 3410 1227 3454 esse

142 3475 249 3554 deitate,
286 3480 341 3540 sed
373 3497 391 3540 a
422 3481 519 3541 nobis,
576 3480 619 3541 ltu
648 3484 728 3541 eninr
758 3483 853 3558 prima
882 3482 1034 3542 esseutiae
1062 3482 1127 3541 eius
1150 3481 1227 3540 ratio

143 3565 212 3625 nobis
240 3582 275 3627 se
304 3566 487 3628 manifestat.
549 3567 653 3642 ltaque
683 3568 721 3627 de
751 3567 853 3642 inodo,
892 3585 952 3643 quo
982 3570 1049 3643 ipsa
1080 3567 1227 3637 subsistit,

141 3647 332 3714 illuminamur.
386 3653 472 3714 Prius
497 3653 643 3728 siquidem
668 3659 714 3714 εει
736 3656 766 3713 in
790 3655 962 3732 cognitione
985 3649 1020 3716 τὰ
1044 3669 1114 3713 εεεε
1138 3667 1228 3727 quam

142 3732 186 3796 boc
204 3739 292 3800 modo
314 3755 393 3801 esse.
447 3739 572 3799 Deitatis
595 3742 684 3819 igitur
709 3748 808 3802 motus
835 3747 882 3801 est
904 3743 970 3802 eins
994 3741 1142 3816 cognitio,
1174 3754 1228 3813 per

144 3834 215 3969 gnam
239 3826 276 3887 iis
301 3828 351 3900 qui
376 3841 506 3902 capaces
530 3831 602 3887 suut
625 3833 652 3888 et
677 3843 747 3887 esse
770 3828 835 3888 eius
857 3833 886 3888 et
910 3826 1017 3887 modus
1039 3825 1230 3886 subsistendi

158 3917 303 3973 erratur.
999 3916 1001 3920 ’

145 4071 162 4121 θ.
181 4077 369 4150 πρεσβεόωμεν
394 4081 435 4132 ed.
463 4080 517 4132 Gal.
594 4081 618 4131 7.
644 4083 786 4148 συμφυεία
812 4081 852 4130 ed.
875 4079 929 4131 Gal.
1010 4081 1033 4130 8.
1061 4080 1230 4144 κατακρίνω-

146 4150 237 4204 μῑιοᾱ.
256 4151 311 4204 Gal.
331 4176 364 4186 -
403 4151 494 4200 Verte:
520 4165 551 4201 ue
570 4149 673 4201 deitatis
692 4150 794 4215 inopiae
813 4149 1022 4200 condemnemur.
1081 4148 1106 4200 9.
1127 4143 1229 4198 ἐνεπό-

147 4221 228 4268 ιῐετον
243 4208 276 4269 dr
293 4216 323 4271 rt
343 4219 388 4281 τῆς
406 4214 559 4285 dpoouotou
578 4219 619 4269 ed.
640 4219 709 4271 Gal
760 4220 801 4274 10.
819 4215 894 4269 ἔστιν
913 4217 953 4268 ed.
974 4217 1027 4269 Gal.
1090 4218 1130 4267 ll.
1149 4212 1229 4267 ἑνού-

148 4287 242 4339 σ’θεειι
261 4288 316 4342 Gal.
378 4289 419 4339 12.
438 4286 574 4344 learned.
594 4289 648 4340 Gal.
710 4289 749 4340 13.
772 4282 894 4356 riprende
913 4287 1036 4337 omissum
1055 4295 1094 4336 εει
1120 4284 1228 4334 incdit.

150 4345 190 4403 0⁸¹.
238 4355 552 4410 lacedemones.
