2752 4778
176 204 184 227 ⁸
247 183 318 275 1052

241 365 343 472 μόνον
359 362 494 430 διδόντα
517 387 549 428 τε
571 367 626 427 καὶ
648 357 837 464 δεχόμενον·
878 355 967 459 κμθά
988 356 1055 422 ποῦ
1078 382 1178 442 φησιν
1201 354 1219 424 6
1244 355 1341 441 νόμος,

81 475 158 515 noum
172 469 205 518 τε.
216 469 235 515 ν
245 449 294 519 Τά
318 448 407 536 δῶρά
426 474 506 531 μου,
541 442 664 554 δόρατά
683 470 764 552 μον,
777 440 995 553 καρπάματά
1014 469 1097 552 μριι,
1128 442 1341 555 1διατηρῆσαι

242 541 441 646 προςφέρειν
461 560 537 618 μοι,
567 529 609 608 ιῦς
638 531 672 607 ἐξ
695 525 792 594 αῦτοῦ
815 553 846 592 τε
869 534 923 593 καὶ
946 528 991 606 είς
1013 526 1123 596 αῦτδν
1132 526 1255 607 παντός
1269 526 1342 615 '666-

243 627 310 689 θοῦ
338 627 392 687 καὶ
389 613 601 732 άρχομένοιι
631 622 684 682 καὶ
706 613 866 698 λη’γοντας.
918 617 1046 723 Πέωριιε
1068 613 1130 702 γάρ
1155 612 1174 724 6
1199 641 1256 681 τον.
1239 619 1344 685 θεοῦ

243 708 357 818 λόγος
368 701 417 783 οἷς
445 732 485 769 αν
514 705 672 815 έγγενηται
704 700 756 781 τῆς
787 726 818 765 τε
843 698 975 784 σαρκός
986 697 1122 767 άθετεῖν
1138 701 1176 767 τά
1200 686 1344 810 κινῆρμτα

244 800 298 860 καὶ
321 799 375 873 τῆς
395 791 478 900 πρδς
499 817 578 855 αντα
601 815 654 869 την
677 787 780 891 τρυχῆν
803 781 1045 852 άναστέλλεινε
1027 792 1147 905 ροπῆς,
1176 794 1232 854 καὶ
1254 787 1349 869 πάσης

244 883 382 964 πληροῦν
405 872 547 957 άληθοῦς
570 872 777 959 διαγνώσεως

80 1053 141 1096 ιτα
149 1050 183 1104 ιι,
191 1049 224 1098 ιε.
247 1026 390 1122 Θεωρία
405 1031 453 1108 είς
468 1024 537 1102 τόν
554 1019 784 1121 άφορίζοντα
801 1017 869 1114 τὴν
886 1018 1108 1156 ἀκάθαρτον
1127 1008 1266 1117 οἰκίαν.

349 1143 416 1205 Καὶ
437 1139 519 1248 γάρ
525 1139 580 1204 τόν
603 1138 689 1241 ἱερέα
711 1133 790 1200 κατδι
813 1133 866 1213 τῆν
889 1132 1022 1217 νομικῆν
1043 1133 1248 1220 διαταγῆν’
1218 1138 1344 1248 ειςιόνια

83 1258 131 1300 σοι
143 1261 157 1300 ι
168 1253 236 1301 τωο
243 1227 289 1302 εἷς
310 1225 363 1313 τῆν
381 1226 387 1313 Ι
407 1221 481 1334 κμθ
504 1220 671 1289 ὁντιναοῦν
694 1219 817 1320 τρόπον
837 1216 1078 1305 α’κάθαριον’
1045 1227 1169 1300 οιιιίαν,
1199 1230 1254 1289 καὶ
1270 1222 1344 1310 666·

244 1314 371 1398 ρι’ζοντα
394 1308 504 1391 αῦτῆν,
534 1316 588 1375 καὶ
611 1308 661 1374 τά
674 1306 755 1391 πρός
777 1303 939 1389 κάθαρσιν
961 1305 1202 1374 διαστέλλοντα·
1215 1321 1282 1388 τοῖς
1301 1337 1345 1378 κε·

242 1401 406 1503 κτημένοις
419 1393 543 1463 άιιοῦων
558 1396 613 1460 τόν
630 1391 780 1494 άρχιερέμ
795 1368 893 1475 λόγόν
912 1389 951 1456 δί
972 1390 1068 1504 αῦτριι
1053 1397 1345 1504 παραδηλοῦσθσι

243 1489 324 1564 νοῶ,
352 1483 460 1566 φωτός
483 1486 571 1560 δίκην
594 1475 826 1589 καθαρωτάτορ
849 1476 988 1553 είςιόντα
1011 1479 1056 1554 εἰς
1078 1479 1133 1559 τῆν
1152 1480 1274 1590 ψυχὴν,
1299 1488 1345 1550 καί

243 1569 280 1634 τὰ
305 1568 398 1651 ἐναγῆ
419 1567 618 1650 βουλεύματα
637 1593 690 1631 και
682 1563 907 1674 διμνοῆματα
925 1562 1084 1647 μετὰτῶν
1105 1562 1262 1632 ῦπαιτίων
1275 1566 1343 1655 πρά·

244 1658 321 1730 ξεων
344 1651 596 1733 ἕκααλόπτοντα,
618 1657 672 1717 καὶ
695 1649 771 1726 τοῦς
795 1653 847 1727 τῆς
869 1650 1077 1760 ἐπιστροφῆς
1082 1657 1141 1723 καὶ
1165 1651 1344 1776 καθάρσεως

245 1740 384 1848 τρόπορς
402 1742 513 1823 σοφιῦς
535 1702 779 1842 ῦπότιθέμινον
817 1729 994 1819 Ὅπερ,
959 1761 1068 1819 οιμαι,
1091 1741 1293 1843 σαφέστερον
1311 1737 1343 1820 ¹6

245 1826 305 1892 τόν
320 1829 419 1909 μέγαν
441 1822 606 1908 προφήτην
625 1821 696 1887 'Hm
695 1846 733 1886 αν
755 1816 969 1929 ῦποδεξαμένη
989 1825 1222 1932 παραδηλοῦσα
1242 1822 1343 1936 ἔληγεν,

82 1939 149 1994 1163
162 1939 194 1991 ιτ
205 1939 237 1986 18
237 1910 410 1992 Ανθρωπε
440 1913 497 1974 τοῦ
526 1914 622 1986 θεοῦ,
656 1908 800 1986 εἷςῆλθες
828 1904 911 1990 πρός
940 1905 995 1990 ἐμὲ
1025 1912 1081 1972 τοῦ
1109 1919 1297 1994 αναμνησαιι
1311 1938 1343 1997 με

244 1996 298 2074 τάς
319 1994 489 2071 άδικίας’
464 2019 538 2078 μοι.

81 2177 194 2232 ιωωι.
246 2148 389 2276 θεωρία
412 2154 461 2232 εὶς
483 2146 550 2222 τὸν
572 2145 683 2246 ἅγιον
700 2144 847 2233 Ἠλίαν,
878 2145 943 2220 καί
960 2151 1008 2230 εἰς
1030 2147 1098 2243 τὴν
1113 2151 1343 2248 ΙΣαραηοθίαν

290 2251 425 2348 λήθαλ·

350 2370 448 2434 Πᾶσα
469 2364 535 2470 γάρ
564 2364 649 2449 τριχῆ
681 2361 889 2473 χηρεῦομσά
889 2387 921 2428 τε
944 2366 1049 2428 καλοῦν
1070 2371 1124 2430 καὶ
1146 2363 1260 2454 άρετῆς
1278 2369 1344 2454 ἔρη-

242 2476 304 2559 μος
331 2458 385 2516 καὶ
414 2451 558 2554 γνώσεως
585 2454 666 2514 θεοῦ
696 2448 824 2515 ἐπειδάν
855 2449 910 2513 τόν
935 2455 1030 2514 θεῖον
1052 2456 1105 2514 καὶ
1126 2454 1345 2563 διαγνωστικδν

245 2533 434 2640 ῦποδέξηται
462 2534 577 2620 λόγον,
605 2561 651 2610 εις
676 2560 798 2644 μνημην
827 2560 1006 2644 ερχομινη
1011 2560 1072 2600 των
1098 2533 1194 2618 αῦτῆς
1216 2537 1346 2629 ἁμαρτη-

241 2621 350 2705 μάτων
373 2621 561 2687 διδάσκεταί
585 2645 652 2696 πως
681 2619 800 2726 άρετῶν
830 2620 940 2705 άρτοις
972 2618 1027 2685 τόν
1049 2625 1262 2735 διατρέφοντα
1283 2631 1346 2712 τρέ·

245 2732 317 2791 φειν
344 2707 459 2790 λόγον,
489 2713 542 2771 καὶ
570 2706 711 2782 ποτίζειν
742 2698 897 2786 άληθείας
925 2705 1063 2816 δόγμασι
1094 2708 1149 2787 τῆν
1177 2711 1281 2795 πηγῆν
1302 2718 1347 2794 τῆς

245 2794 339 2900 ζωῆς,
370 2799 423 2857 καὶ
452 2787 547 2901 αῦτῆς
568 2795 621 2870 τῆς
643 2790 766 2876 φάσεως
789 2790 843 2870 τῆν
865 2792 911 2866 εἰς
933 2789 1039 2871 αῦτῆν
1051 2800 1238 2878 προκρίνειν
1256 2803 1348 2885 θερηι-Ι

244 2883 353 2954 πείαν,
385 2869 468 2941 δι’
434 2904 484 2964 ης
504 2878 525 2957 6
545 2902 578 2963 τε
601 2873 694 2981 ῦδρῖα
717 2877 858 2961 σάρξ
824 2903 882 2956 την
904 2876 956 2941 ἐπὶ
979 2888 1048 2954 ταῖς
1069 2855 1197 2992 ἀρεταῖς
1219 2909 1347 2992 πρακτι-

244 2961 300 3042 κῆν
329 2970 503 3045 wrom'av
529 2963 718 3068 χορηγήσει,
747 2969 801 3028 καὶ
824 2959 841 3026 6
865 2963 1033 3047 καμψάκης
1045 2968 1140 3041 νοῦς
1147 2967 1205 3047 τῆν
1227 2969 1264 3035 τό
1286 2974 1347 3083 ράς

245 3053 460 3128 συντηροῦσαν
483 3052 536 3128 τῆς
559 3049 704 3133 γναίσεως
725 3054 868 3156 θεωρίαν
890 3052 1038 3127 διηνεκοῦς
1059 3051 1230 3158 πηγάσεις,
1258 3063 1311 3123 και
1329 3082 1345 3121 ο

244 3160 382 3218 εμφττος
403 3132 574 3242 λογισμός,
606 3134 707 3219 ιῦςπερ
727 3133 796 3199 ἐκεῖ
811 3138 863 3213 τῆς
880 3133 980 3242 χήρας
999 3131 1017 3200 6
1038 3134 1124 3212 υἱός,
1145 3137 1203 3219 τῆν
1224 3139 1348 3225 ἐμπαθῆ

243 3223 403 3305 προτέραν
438 3217 642 3329 ἀποθέμενος
673 3217 751 3298 ζωῆν
779 3222 831 3326 τῆς
859 3219 948 3328 παρὰ
975 3225 1033 3285 τοῦ
1045 3219 1160 3324 λόγου
1188 3229 1348 3321 διδομένης

174 3311 183 3327 ‘
244 3311 337 3382 θείας
359 3311 412 3371 καὶ
434 3303 575 3385 ἀληθοῦς
597 3309 748 3388 γενέσθαι
769 3309 907 3390 μέτοχος
929 3303 1145 3385 όξιωθῆσεται
1169 3310 1257 3392 ζωῆς.

247 3442 387 3539 Θεωρία
409 3447 458 3526 εἰς
479 3441 547 3537 τὴν
568 3439 862 3539 μεταμόρφωσιν
885 3450 954 3516 τοῦ
980 3444 1171 3583 κυρίου...

80 3567 148 3607 ¹¹³·“11
160 3564 192 3610 17
347 3552 437 3624 Οῦτω
468 3565 523 3624 καὶ
551 3564 612 3624 τιῦν
633 3563 780 3644 Χριστοῦ
807 3565 961 3644 μαθητῶν
982 3560 1074 3651 πρός
1086 3573 1155 3638 τοῖς
1175 3565 1348 3674 εἰρημένας

77 3650 128 3694 ⁰⁰³
143 3656 157 3694 f
165 3649 234 3699 145.
227 3648 342 3726 τινές,
372 3639 439 3732 οἶςΙ
453 3649 669 3726 συναναβῆναί
688 3670 720 3710 τε
742 3653 796 3711 καὶ
811 3650 1090 3756 σιιγειταρθῆναιι
1103 3642 1189 3736 αῦτηῦ
1210 3649 1294 3736 πρός
1313 3647 1345 3716 τό

244 3727 321 3812 ὀρος
350 3735 403 3809 τῆς
430 3728 528 3794 αδτοῦ
550 3731 758 3816 φανεράσεως
780 3730 820 3797 δι
845 3729 956 3837 άρετῆς
978 3733 1162 3817 ἐπιμέλειαν
1170 3713 1347 3827 ἐξεγένετο,

240 3818 537 3924 μεταμορφωθέντα
574 3818 789 3902 θεασάμενοι,
812 3822 871 3922 τηῦ
906 3829 938 3883 ’τε
974 3826 1055 3904 φωτὶ
1089 3825 1147 3886 τοῦ
1178 3823 1347 3906 προςιάιτσι

241 3898 433 4010 άπρόςιτον,
463 3907 517 3967 καὶ
532 3906 582 3992 τῆ
609 3908 670 3969 τιῦν
693 3903 882 4008 ἐσθημάτων
903 3905 1036 3987 λάμπ’
1016 3931 1103 3986 οτητι
1125 3907 1347 3989 κατάπληιιτοι,

241 3991 295 4050 καὶ
324 3988 361 4074 τῆ
389 3990 451 4051 τῶν
479 3969 675 4098 ἑκατέρωθεν
703 3989 863 4057 συνόντων
890 3995 966 4094 τιμῆ
951 3931 1134 4067 θλωσέως
1161 3999 1216 4058 καὶ
1241 3991 1347 4060 mian

241 4074 444 4176 γεγενημένον
467 4073 751 4162 αίδεσιμαίτερον’
737 4075 963 4158 επεγνωκότες,
996 4075 1062 4184 ρίπδ
1087 4082 1140 4157 τῆς
1152 4078 1283 4163 σαρκός
1304 4079 1348 4155 εἰς

241 4154 276 4220 τό
300 4161 421 4240 πνεῦμα
442 4163 632 4243 μετέβησοιν,
654 4168 731 4247 πρὶν
753 4162 807 4242 τὴν
829 4159 882 4226 διά
905 4161 1025 4248 σαρκός
1045 4161 1240 4231 ἀποθέσθαι
1262 4165 1345 4245 ζωὴν,

241 4278 516 4292 Q-

309 4329 333 4381 1.
353 4323 542 4396 διατηρῆσεται
560 4331 616 4384 cod.
637 4331 731 4384 Gud.
724 4387 727 4392 ,
775 4323 835 4383 2.
815 4348 835 4393 6
853 4331 911 4383 cod.
932 4304 999 4385 Gudss
