2752 4778
135 343 369 423 immortalitate
396 343 552 406 insolubili
580 345 704 405 maculo
732 344 805 404 illud
840 344 898 404 sibi
932 345 1180 419 coniuncturum,
1217 351 1255 407 ut

138 424 228 521 quod
245 431 325 492 deus
347 431 488 505 animae,
511 432 571 492 hoc
593 432 696 492 anima
718 432 835 506 corpori
858 431 925 503 fiat,
956 436 987 489 ει
1007 447 1090 491 unus
1108 431 1255 493 ostenda·

139 522 199 581 tur
217 518 357 578 omnium
380 521 514 590 creator,
550 523 673 596 propert
660 517 777 576 tionalit
766 523 811 576 ter
832 533 886 591 per
907 516 1128 578 humanitatem
1151 520 1254 578 omnia

141 590 319 691 ldss‘rssedlens
342 618 422 681 quaa
445 609 532 676 sunt,
556 608 615 664 ει
608 621 637 663 ιι
659 620 755 663 unum
778 604 903 662 veniant
921 603 1014 662 multo
1034 619 1052 662 a
1071 605 1251 665 seinvicem

142 682 315 759 mnrium
351 694 491 751 naturam
526 689 685 766 distantia,
724 690 803 748 eirca
829 704 923 748 uuam
950 687 1083 749 hominis
1110 695 1253 751 naturam

143 758 229 847 att*
220 777 353 836 rnv'icem
375 777 606 846 convenientia,
638 775 722 835 ellit
744 775 847 834 omnia
869 776 898 834 in
921 777 1094 835 omnibus
1087 792 1153 851 upse
1176 777 1252 853 deus

143 864 257 931 omnia
268 861 549 937 comprehendens,
572 866 602 921 et
619 878 715 921 unum
738 861 928 921 substituens
952 862 1087 934 sibimet,
1058 866 1147 922 teo
1170 847 1253 937 quod

145 938 268 1023 niallam
283 948 415 1024 emplius
437 964 541 1008 eorum
564 963 643 1023 quae
666 952 739 1007 sunt
761 949 869 1006 sinitur
889 946 1046 1021 possidere
1068 953 1199 1021 motum,
1223 955 1255 1009 et

143 1026 240 1113 ipsius
262 1039 373 1112 expers
395 1035 605 1110 praesentiae,
629 1049 683 1109 ρει
706 1049 798 1107 quam
822 1038 852 1092 et
872 1029 947 1090 “dii
970 1038 1000 1092 ει
1019 1032 1071 1092 lilii
1090 1040 1121 1094 ct
1140 1042 1252 1110 corpus

143 1120 182 1187 οι
191 1121 332 1181 membra
354 1124 384 1180 ct
405 1136 477 1196 pars
499 1120 548 1180 dei
570 1120 729 1179 ethorum
753 1119 864 1178 similia
885 1123 915 1178 et
940 1135 1047 1178 sumus
1072 1125 1103 1178 ει
1125 1120 1253 1181 dicimur

144 1212 182 1281 εἰι
199 1222 282 1282 quae
303 1206 344 1267 ad
364 1207 455 1265 linem
484 1210 532 1267 est
558 1206 705 1266 relatione
730 1205 851 1263 divinae
874 1205 1102 1280 speculationis
1149 1205 1253 1278 Quon-

143 1293 203 1355 tam
229 1293 323 1373 igitur
350 1297 381 1352 et
408 1293 468 1353 boc
490 1294 548 1353 ει
541 1308 573 1351 ιι
595 1292 654 1352 Ιιοε
677 1291 767 1350 homo
788 1290 887 1350 iactus
910 1296 973 1365 est,
1006 1292 1036 1349 in
1059 1291 1156 1367 primo
1177 1307 1252 1351 ιειο

144 1370 229 1463 patre
250 1395 288 1439 eo
310 1377 392 1453 quod
412 1384 502 1455 parat
502 1395 555 1438 um
578 1382 626 1437 est
644 1379 683 1438 ad
706 1368 889 1452 potentiam,
919 1378 1033 1436 abusus
1057 1382 1106 1436 est
1093 1376 1168 1437 tad
1185 1379 1253 1438 ιιιιι-

143 1458 220 1539 ιιιιι,
251 1464 441 1525 transferens
464 1481 503 1524 ex
526 1479 562 1524 eo
584 1464 665 1539 quod
689 1479 871 1523 concessum
893 1471 942 1524 εει
963 1462 1055 1522 adid
1077 1463 1158 1538 quod
1181 1480 1252 1538 pro-

145 1540 269 1627 bibitum
299 1555 346 1611 est
374 1549 557 1611 desiderium
581 1551 704 1630 (etenim
728 1554 793 1609 erat
814 1564 870 1624 ρει
893 1564 927 1608 εε
948 1552 1063 1624 potens
1083 1555 1114 1608 et
1135 1550 1253 1610 adbae-

146 1641 209 1699 ιειε
236 1636 362 1697 domino
392 1643 422 1696 ει
448 1637 479 1694 in
507 1637 644 1712 spiritum
672 1636 751 1709 fieri,
787 1634 956 1712 adhaerere
983 1637 1132 1695 meretrici
1162 1636 1250 1696 etin

146 1724 254 1801 carpus
276 1722 342 1783 lieri
363 1721 512 1784 seductus
535 1722 633 1799 eligit,
664 1727 694 1780 ει
717 1722 820 1780 divina
842 1727 872 1780 et
894 1721 984 1781 beata
1006 1723 1124 1782 visione
1145 1722 1251 1782 voleus

147 1812 179 1872 ιε
202 1810 307 1886 ipsum
328 1808 460 1884 expulit,
495 1809 540 1868 sic
563 1808 634 1868 dum
658 1813 741 1868 esset
763 1806 840 1867 deus
863 1808 976 1884 gratia,
1009 1813 1090 1867 terra
1112 1807 1175 1867 fieri
1197 1814 1253 1883 ρἐι

148 1894 331 1961 voluntatem
360 1893 624 1977 praehonorans),
661 1895 816 1970 sapienter
844 1892 935 1952 simul
966 1899 996 1952 et
1017 1894 1252 1953 misericorditer

142 1984 175 2045 ot
192 1980 270 2043 εἰιιιε
292 1982 509 2042 convenienter
531 1981 658 2041 bonitati
680 1984 804 2039 nostrae
827 1979 935 2039 salutis
952 1980 1146 2054 dispeusator
1162 1980 1249 2054 deus,

145 2066 340 2133 bsuonabili
369 2067 464 2127 motui
493 2065 872 2138 intellectualisuirtutis,
907 2080 986 2140 quae
1015 2066 1045 2123 in
1077 2067 1163 2125 nobis
1192 2070 1251 2136 est,

147 2158 383 2230 consequentem
411 2158 582 2229 opportune
614 2153 708 2212 affixit
736 2152 899 2211 vindictam
917 2151 998 2210 'illud
1019 2153 1119 2225 ipsum
1140 2152 1252 2212 fortas·

148 2242 189 2303 sis
208 2243 297 2302 iuxta
318 2240 466 2300 rationem
489 2241 620 2314 puniens
643 2244 738 2299 morte
760 2253 815 2313 pro
838 2252 897 2312 quo
921 2236 1092 2297 secuudum
1114 2238 1249 2299 animum

148 2324 277 2391 s'oll'deo
296 2327 430 2386 debitam
448 2326 579 2385 caritatis
600 2326 781 2401 proiecimus
804 2325 960 2399 virtutem;
989 2326 1024 2382 ut
1046 2323 1121 2381 nibil
1143 2339 1251 2384 aman-

143 2413 192 2477 'tes'
218 2429 274 2490 ρει
300 2412 477 2489 passionem
506 2411 689 2486 quandoque
722 2412 938 2486 poenitentiam
971 2415 1113 2486 agentes,
1151 2408 1190 2469 ad
1218 2410 1250 2470 id

147 2500 224 2577 quod
246 2503 295 2561 est
314 2500 423 2559 iterum
446 2497 575 2558 eandem
595 2498 740 2558 reducere
759 2497 946 2556 disceremus
965 2497 1114 2555 virtutem.
1161 2494 1271 2568 Quod

147 2587 265 2664 quidem
294 2585 465 2662 procedens
494 2584 686 2645 manifestius
715 2583 786 2643 lacit
814 2582 932 2643 dicens:
978 2581 1056 2657 ,Sed
1082 2580 1155 2640 mihi
1183 2583 1250 2656 qui-

147 2672 212 2735 dam
234 2687 290 2750 ρει
310 2671 370 2732 hoc
392 2670 509 2730 videtur
530 2670 604 2729 nibil
626 2670 685 2731 hoc
707 2671 855 2729 bonorum
878 2685 950 2728 csse
967 2668 1055 2729 fidele
1073 2667 1249 2729 bominibus
1334 2743 1337 2748 ¹

146 2775 244 2836 neque
270 2757 523 2834 longaevitatem,
562 2761 594 2816 at
622 2757 648 2815 si
676 2755 748 2831 quid
779 2755 862 2815 aliud
892 2761 922 2815 et
950 2754 1009 2814 boc
1038 2755 1116 2813 bene
1144 2755 1250 2815 artifici

146 2846 236 2907 verbo
251 2848 295 2905 'et
321 2859 444 2903 omnem
469 2841 656 2902 intellectum
682 2847 846 2917 superante
869 2841 1019 2917 sapientia
1040 2840 1250 2901 machinatum

137 2922 393 3003 ¹trstldeludcndo
421 2945 477 2989 nos
508 2929 675 2988 visibilibus
704 2929 734 2987 in
764 2926 909 3002 aliudque
932 2928 1019 2986 aliter
1040 2929 1250 2988 transmotatis

145 3024 174 3079 at
193 3016 485 3084 uansmolantibus,
513 3021 543 3074 ει
561 3031 683 3076 sursum
706 3020 736 3073 et
755 3014 898 3074 deorsum
920 3014 1102 3088 ferentibus,
1133 3019 1163 3072 ει
1178 3016 1251 3075 titu-

145 3104 302 3178 bantibus,
339 3102 574 3178 et-priusquam
604 3100 903 3177 comprehendantur
933 3101 1115 3159 abeuntibus
1143 3105 1174 3158 et
1202 3099 1250 3161 iu·

145 3190 315 3269 mantibus,
346 3194 382 3247 ut
409 3189 441 3246 in
461 3187 511 3248 his
532 3186 674 3247 instabile
697 3192 727 3247 et
749 3186 924 3246 anomalam
946 3184 1188 3260 contemplantes
1211 3185 1251 3245 ad

144 3277 277 3339 mauram
297 3279 502 3335 transeamus.
548 3273 626 3347 Quid
643 3274 723 3332 enim
745 3273 915 3333 faceremus
932 3273 963 3330 in
984 3272 1154 3346 praesenti,
1177 3271 1250 3330 dum

145 3358 233 3424 uobis
261 3361 303 3422 ed
331 3362 409 3421 bene
439 3359 606 3437 agendum·
622 3375 682 3418 non
705 3365 897 3434 permaneat,
925 3361 1044 3418 tantum
1066 3358 1094 3416 ei
1116 3358 1252 3418 attribui·

145 3466 212 3511 mus
234 3452 267 3508 ct
287 3447 333 3506 sic
355 3462 412 3507 nos
435 3463 508 3523 erga
529 3447 629 3522 ipsum
653 3444 813 3505 delectatio
836 3451 866 3505 et
888 3461 971 3503 ειιοι
992 3444 1084 3504 habet
1113 3438 1251 3504 servituti

144 3535 325 3606 subiiciens,
354 3533 397 3592 ita
424 3537 459 3592 ut
486 3532 560 3591 nibil
588 3532 695 3592 melius
724 3546 824 3606 neque
854 3531 1009 3591 excelsius
1037 3531 1250 3605 praesentibus

143 3620 313 3698 intelligere
332 3619 506 3693 valcamus,
529 3624 561 3678 et
583 3619 608 3678 si
629 3619 707 3678 haec
729 3619 888 3678 audientes
910 3622 941 3676 et
963 3617 1125 3676 credentes
1141 3632 1250 3676 secun-

143 3709 217 3770 dam
246 3707 411 3783 imaginem
440 3704 490 3765 dei
518 3721 576 3765 nos
606 3704 703 3764 factos
727 3705 823 3764 fuisse
847 3720 970 3763 sursum
992 3702 1198 3763 attendentem
1220 3709 1252 3763 ει

143 3795 183 3856 ad
212 3809 250 3854 se
279 3793 378 3869 ipsam
405 3791 597 3852 ιιειιειιιειιι.ι
651 3789 687 3849 Et
715 3792 820 3851 iterum
848 3792 878 3848 in
909 3805 1049 3849 sermone
1070 3788 1108 3848 ad
1132 3788 1251 3849 Urbane

143 3882 302 3952 viventes,
331 3878 454 3953 dicens,
495 3877 555 3956 ,Ut
577 3875 711 3937 sciamus
741 3876 815 3936 nibil
842 3893 899 3935 nos
922 3891 991 3936 esse
1013 3875 1052 3934 ad
1073 3891 1178 3936 veram
1200 3890 1251 3936 sa·
1320 3906 1325 3915 =

143 4111 186 4167 bd.
204 4106 438 4174 totallamus,
459 4109 555 4159 omisso
573 4104 637 4168 καὶ,
662 4107 703 4158 cd
724 4105 778 4157 Gal.
832 4105 873 4156 57.
891 4101 986 4172 μόνως
1005 4103 1047 4154 ed.
1068 4101 1124 4153 Gal.
1204 4078 1207 4083 .

217 4196 262 4249 24
280 4194 320 4246 De
337 4194 387 4245 bac
404 4209 432 4244 re
452 4194 506 4260 egit
522 4193 675 4244 Maximus'
669 4205 694 4241 ru
710 4191 845 4240 Prooemio
864 4190 896 4240 ad
915 4187 1107 4249 Quaestioues
1100 4202 1126 4236 m
1142 4185 1169 4239 S
1185 4187 1254 4239 Scri·

145 4274 263 4332 plurem,
282 4263 397 4330 etalibi3
421 4264 506 4314 fusius
525 4263 560 4313 ibi
578 4260 662 4311 innuit
679 4276 708 4310 se
727 4267 860 4320 acturum,
887 4258 957 4324 quod
975 4259 1018 4309 hic
1035 4257 1106 4312 lecit
1141 4256 1252 4311 vibo-

144 4337 211 4386 tium
229 4331 507 4399 adpetamus.)
