2768 4784
1087 203 1159 281 141

51 396 150 455 rivere
179 382 329 455 instituit:
367 395 491 457 alteram
516 412 587 456 vero
610 397 703 458 ut.ab
728 397 854 456 materia
877 368 969 471 atque
991 395 1087 453 lormo
1108 395 1163 454 ab·

53 482 228 557 ripieutem,
252 481 509 556 quemadmodum
529 499 636 543 currus
658 483 772 559 ignitus
792 482 903 556 Etiam,
927 496 1041 558 perque
1058 481 1163 556 cogni-

54 569 177 651 tionem¹
195 566 255 627 deo
270 566 487 631 ‚adducentem
516 575 545 629 et
574 569 767 645 copulantem
797 585 890 629 carne
919 568 994 627 nihil
1017 572 1162 642 gravatos

55 658 175 730 propter
197 654 502 731 reprobatum-istius
525 656 642 734 legem,
673 662 726 715 aut
746 653 810 715 ulld
832 656 870 716 de
893 660 975 715 reete
998 654 1086 714 lactis
1110 669 1164 713 su-

56 740 156 815 perbia
185 739 372 818 flagrantes,
411 747 535 819 propter
562 757 660 801 rorem
692 743 815 817 spiritus
845 741 1045 819 indigentiae,
1083 739 1163 798 ueris

57 826 215 889 duonum
238 828 444 888 coniunctum.

158 911 196 969 V.
243 912 298 972 Vel
327 930 435 975 rursus
458 914 639 975 matrimonii
663 919 694 972 et
715 912 883 972 caelibatus
907 913 1050 987 mysteria
1072 911 1166 970 comi·

59 1000 110 1058 tari
130 996 312 1061 Sermonem
341 1001 442 1061 edocti
469 1018 524 1077 per
546 1000 671 1075 Moysen
696 1005 784 1072 sunt,
820 1014 909 1074 quern
940 997 1164 1057 matrimonium

60 1100 114 1145 oon
140 1084 299 1163 probibuit
328 1089 490 1161 quominus
519 1088 549 1146 in
580 1103 715 1146 amorem
745 1085 865 1144 divinae
893 1085 1009 1162 gloriae
1038 1085 1163 1156 veniret,

59 1178 86 1232 ot
111 1170 303 1247 petillium,
343 1175 394 1249 qui
422 1176 504 1234 omui
535 1189 659 1249 prorsus
688 1172 899 1231 matrimoniali
931 1186 1015 1230 nexu
1046 1185 1166 1245 semper

60 1257 216 1318 abstinuit:
247 1260 357 1335 quippe
375 1257 482 1322 Sermo
499 1277 535 1319 ac
556 1260 633 1320 deus
652 1274 706 1318 eos
727 1259 776 1333 qui
795 1259 913 1318 ratione
931 1256 1010 1317 haec
1032 1256 1166 1332 dirigunt

60 1344 226 1404 monadum
254 1345 338 1422 leges
361 1346 400 1405 de
422 1348 468 1407 eis
491 1347 583 1406 rebus
607 1347 749 1404 divinitus
774 1348 918 1420 statutos,
958 1344 1086 1420 mystice
1108 1341 1165 1401 sibi

61 1431 194 1507 adoptari
214 1434 384 1492 annuntiat.

161 1515 208 1575 Vl.
252 1517 307 1577 Vel
334 1519 415 1578 vitae
444 1523 475 1578 et
505 1519 608 1579 mortis
638 1519 793 1578 dominum
817 1533 924 1577 revera
947 1531 1018 1575 esse
1044 1513 1167 1573 Sermo·

62 1617 125 1663 nem
147 1618 204 1679 per
221 1604 331 1665 eadem
353 1606 585 1680 persuasionem
609 1605 753 1666 tulerunt.

162 1687 223 1749 Vll.
268 1688 324 1751 Vel
341 1693 430 1752 etiam
450 1707 556 1752 omnes
575 1690 633 1751 deo
652 1692 767 1763 vivere,
793 1705 847 1748 neo
867 1703 1051 1763 quemquam
1069 1688 1167 1747 omni-

62 1790 96 1834 ro
123 1775 207 1851 apud
235 1792 305 1837 eum
335 1784 484 1838 mortuum
515 1795 586 1838 esse
615 1794 669 1854 per
698 1777 806 1836 eadem
831 1775 1016 1849 didicerunt,
1047 1779 1167 1850 praeter

61 1874 126 1921 urm
148 1863 202 1937 qul
222 1870 350 1938 peceato
373 1880 408 1925 se
429 1865 495 1940 ipse
519 1866 605 1923 morti
629 1869 837 1936 auctorasset,
866 1866 972 1936 'seque
996 1861 1167 1921 voluntario

61 1947 96 2007 ad
117 1950 283 2022 passiones
306 1955 337 2010 et
359 1950 430 2010 vitia
453 1951 641 2026 proclivitate
664 1967 683 2009 a
707 1951 798 2010 verbo
821 1948 1016 2008 abscidisset.
1179 1970 1185 1981 ·

142 2033 239 2097 ,Vlll.
285 2035 453 2100 Valetium
477 2037 517 2097 ed
540 2035 734 2110 Sermonem,
764 2035 871 2110 utqui
895 2037 1006 2094 veritas
1029 2038 1091 2101 est,
1120 2045 1169 2091 re·

61 2118 125 2178 lerri
147 2126 179 2182 et
199 2138 273 2182 esse
295 2124 506 2199 mysteriorum
529 2124 696 2201 imagines,
726 2127 756 2182 et
778 2123 808 2180 in
833 2137 901 2181 enm
926 2120 995 2196 cogi
1018 2123 1048 2178 et
1070 2116 1167 2176 redire

61 2210 127 2266 tom
146 2206 260 2286 legalis
282 2223 374 2283 quam
397 2209 565 2287 prophetici
588 2211 688 2284 operis
713 2215 859 2283 tanquam
882 2208 913 2266 in
935 2204 1113 2282 principium
1138 2209 1169 2262 et

23 2306 28 2327 ’
61 2290 167 2365 duem,
197 2295 308 2355 eruditi
329 2301 410 2356 sunt.

163 2396 214 2457 lx.
262 2396 315 2458 Vel
344 2405 525 2475 quoe-post
555 2399 644 2458 deum
676 2404 747 2458 sunl
780 2397 882 2455 omnia
907 2375 996 2454 et'ex
1019 2394 1077 2452 deo
1099 2407 1167 2468 pro-

62 2487 177 2559 creata,
209 2483 269 2544 hoe
287 2491 335 2544 est
356 2501 458 2545 rerum
480 2491 619 2545 naturam
643 2488 672 2543 et
695 2491 831 2558 tempus,
862 2497 924 2541 una
947 2497 1015 2540 curn
1040 2479 1112 2549 deo,
1135 2483 1169 2538 ut

63 2583 156 2630 eausa
184 2576 217 2630 et
244 2570 392 2648 lectores·
405 2587 551 2647 apparere
582 2573 761 2644 existentia,
796 2570 846 2644 qui
868 2569 951 2644 ipse,
982 2564 1083 2642 quoad
1105 2565 1176 2624 fieri*

63 2654 126 2716 elus
155 2661 275 2731 potest,
305 2674 377 2718 vere
405 2665 542 2734 apparet.
595 2656 728 2730 Quorum
757 2655 878 2730 quidem
901 2654 1045 2730 temporis
1067 2653 1169 2729 imago

63 2738 183 2819 lluyses
213 2743 355 2803 videatur
383 2759 470 2817 esse,
502 2760 564 2803 non
588 2745 687 2803 solum
709 2749 743 2803 ut
765 2742 910 2817 temporis
932 2757 968 2799 oc
991 2737 1170 2799 numerandi

63 2827 230 2889 secuudum
266 2829 325 2889 hoc
357 2830 462 2891 doctor
491 2823 553 2907 (hle
582 2832 661 2890 enim
691 2832 807 2905 primus
836 2833 973 2902 tempora
1002 2843 1021 2886 a
1049 2826 1170 2886 condito

65 2914 177 2976 mundo
200 2918 399 2995 numeravit),
434 2924 465 2978 et
486 2917 663 2992 temporalis
687 2916 787 2977 cultus
810 2915 972 2985 deductor,
1001 2913 1057 2972 sed
1080 2912 1170 2973 etiam

64 3001 140 3074 qood
165 3017 227 3062 aon
247 3018 313 3063 una
336 3019 404 3062 cum
428 3003 487 3062 illis
509 3004 541 3062 iu
564 3003 718 3064 carnalem
739 3004 874 3077 requiem
896 3001 1030 3059 introivit
1048 2999 1086 3058 de
1105 2999 1172 3073 qul-

65 3086 119 3146 bus
137 3088 412 3167 'aute-adventum
442 3089 536 3149 divini
563 3089 712 3167 evangelii
735 3088 884 3161 narravit,
918 3084 1067 3152 eiusmodi
1090 3085 1169 3143 euim
1257 3130 1260 3135 .

64 3173 152 3236 edam
174 3179 296 3250 tempus
320 3180 382 3251 est,
417 3191 516 3252 neque
539 3181 734 3237 antevertens
758 3172 857 3250 neq'ue
880 3173 1065 3232 conveniens
1088 3174 1172 3229 rnotu

64 3257 119 3321 lllis
149 3274 226 3336 quos
255 3261 294 3320 ad
321 3261 456 3322 divinam
486 3262 576 3322 futuri
608 3264 676 3322 aevi
704 3263 795 3321 vitam
824 3259 1005 3321 transmittit.
1070 3255 1171 3316 lesum

64 3345 142 3408 euim
164 3348 215 3422 qui
237 3348 373 3408 universi
395 3354 456 3410 tam
479 3349 625 3424 temporis
648 3353 696 3408 est
724 3364 814 3423 quarn
844 3345 1047 3418 aeternitatis,
1077 3342 1172 3402 hab'et

25 3496 30 3507 ,
65 3446 294 3509 comessorem
331 3449 513 3510 quamquam
544 3435 621 3495 alias
643 3435 789 3510 temporis
807 3434 946 3492 rationes
968 3432 998 3489 in
1022 3429 1080 3489 deo
1103 3444 1173 3505 per-

65 3525 202 3595 manent,
233 3520 488 3595 quemadmodum
507 3521 558 3581 lex
576 3538 595 3582 a
613 3519 721 3597 Moyse
739 3521 769 3580 in
789 3519 911 3580 deserto
929 3519 1001 3578 dota
1020 3532 1082 3576 una
1103 3531 1172 3574 cum

64 3605 107 3665 eis
134 3606 187 3681 qul
215 3610 329 3668 terram
357 3608 566 3683 possessionis
595 3613 742 3684 ceperunt
763 3607 905 3683 ingressa
928 3605 1055 3681 mystice
1077 3601 1173 3660 mani-

63 3689 162 3755 ustor.
216 3691 386 3754 Aeternitas
416 3695 496 3755 enim
524 3698 645 3770 tempus
675 3699 723 3754 est
750 3697 914 3769 postquam
943 3696 1059 3750 motum
1089 3687 1171 3760 stitit,

64 3784 94 3839 el
120 3782 243 3856 tempus
272 3785 321 3840 est
350 3782 517 3841 aeternitas
546 3781 669 3856 qnando
699 3795 842 3840 mensuro
872 3778 1068 3855 distinguitur
1088 3779 1173 3834 motu

66 3865 196 3943 muta,
227 3865 305 3926 adeo
331 3864 367 3927 'ut
398 3869 580 3941 aeternitas,
614 3873 647 3928 ut
675 3867 797 3926 definite
827 3866 949 3939 loquar,
981 3869 1103 3938 tempus
1134 3861 1174 3920 slt

64 3957 148 4012 uota
181 3953 349 4029 privatum,
389 3959 510 4029 tempus
544 3969 614 4013 vero
655 3954 820 4014 aeternitas
861 3954 946 4011 motu
984 3953 1172 4010 mensurata.

65 4034 195 4119 daturae
223 4045 326 4101 eutem
349 4038 431 4100 Elias
458 4040 597 4101 videatur
624 4040 843 4117 imago'esse‚
880 4053 941 4095 non
971 4037 1071 4096 solum
1094 4033 1174 4110 quod

58 4123 225 4197 ,lnvlolales
261 4126 319 4187 slbi
358 4125 521 4187 custodivit
558 4128 694 4187 rationes
730 4131 761 4184 et
796 4123 960 4183 voluntatis
997 4121 1174 4197 consiliique

55 4212 255 4287 'prudentiam
284 4214 315 4273 ln
336 4213 419 4295 misr
453 4214 492 4272 ab
522 4216 604 4273 omni
626 4213 781 4289 passionis
803 4210 1015 4270 vicissitudine
1037 4210 1173 4276 liberam,

54 4294 117 4359 'sed
147 4300 238 4365 ellam
266 4299 348 4375 quod
378 4300 408 4359 lo
442 4299 568 4374 iudicio,
605 4296 862 4375 quemadmodum
892 4297 1041 4357 naturalis
1072 4295 1175 4368 aliqua

61 4384 127 4459 l'ex,
160 4386 295 4465 castigat
322 4402 376 4448 eos
406 4387 457 4462 qul
479 4384 588 4448 naturd
614 4389 734 4462 praeter
757 4390 898 4446 naturam
920 4389 1059 4445 utuntur.
1103 4379 1175 4441 'lale
