2768 4784
1176 218 1247 297 341

138 404 229 478 Alia
256 405 304 482 de
329 406 459 481 eodem
483 405 566 482 loco
594 405 866 505 contemplatio.

138 605 141 610 ¹
252 534 305 597 Vel
332 535 464 598 fortasse
492 538 641 612 ,nudus‘,
675 543 709 598 ut
733 538 776 596 ait
796 539 959 615 magister,
989 541 1072 599 varia
1093 540 1173 600 circa
1195 555 1252 601 ua-

139 631 242 686 turam
264 623 521 701 contomplatione
543 630 573 684 et
594 624 785 702 cognitione,
816 629 846 683 et
868 624 940 698 ,vita
962 624 1087 686 artificio
1107 629 1251 702 careule‘,

140 714 231 769 extra
259 708 456 785 multiplicem
486 710 568 770 circa
592 712 743 770 actionem
766 716 796 769 et
818 710 956 769 virtutem
980 709 1148 772 collocatus
1170 712 1252 773 iruu-

140 796 230 865 dem‚
264 794 434 873 secuudum
464 795 601 857 habiturn
631 796 793 873 possidens
823 797 967 856 virtutum
989 798 1124 857 rationes
1145 799 1253 874 impol-

140 881 240 954 lutas,
278 883 456 957 ,omnisque
484 884 685 960 integumenti
707 888 737 942 et
760 883 937 942 munimenti
961 898 1070 958 expers
1080 889 1098 955 ‘,
1134 884 1252 945 intelle-

140 968 247 1046 gentia
276 983 382 1028 eorum
411 983 492 1043 quae
520 969 662 1029 videntur
689 967 824 1028 sensuali
850 968 887 1027 ad
911 968 1127 1044 cognoscenda
1149 970 1252 1032 divina

141 1053 349 1133 principaliter
376 1071 438 1114 non
468 1070 578 1132 egeus,
608 1054 673 1114 solo
703 1054 839 1129 simplice
859 1053 1018 1114 uniformis
1042 1063 1073 1114 et
1093 1056 1249 1131 simplicis,

141 1155 284 1215 quaeque
311 1139 480 1200 seeundum
510 1142 601 1200 deum
631 1147 703 1201 sunt
731 1140 977 1209 consemineis,
1013 1140 1130 1200 virtutis
1159 1146 1251 1218 atque

139 1227 325 1306 cognitionis
358 1228 546 1287 munimento
581 1234 724 1298 ornatus,
764 1226 844 1301 quod
874 1228 1004 1286 activam
1035 1233 1066 1287 et
1094 1233 1250 1289 strenuam

140 1313 292 1374 duntaxat
327 1315 489 1373 motionem
525 1313 564 1373 ad
592 1314 825 1390 patefactionem
856 1311 1056 1375 voluntariam
1087 1313 1249 1374 desiderat

139 1399 229 1460 Certe
263 1400 435 1474 quicunque
470 1417 488 1458 a
526 1402 648 1476 generis
687 1400 781 1459 nostri
811 1400 924 1459 autoris
953 1399 1042 1474 lapsu
1069 1399 1252 1475 philosopha

139 1486 259 1546 ratione
276 1501 437 1562 resurgere
456 1487 591 1561 cupiunt,
614 1488 743 1561 primum
762 1485 958 1560 passionibus
975 1501 1118 1560 prorsus,
1141 1484 1251 1546 deinde

138 1572 341 1648 occupatione
371 1572 451 1632 circa
474 1573 583 1632 artium
606 1574 741 1632 rationes
765 1573 836 1631 exui
857 1573 1018 1646 incipiunt,
1051 1571 1250 1647 unicnique,

139 1663 304 1734 postquam
329 1657 499 1718 naturalem
523 1675 614 1734 supra
637 1656 926 1733 contemplationem
949 1674 984 1717 se
1003 1657 1199 1730 sustulerint,
1220 1660 1250 1717 iu

138 1744 370 1806 immaterialem
395 1745 599 1820 cognitionem
621 1746 849 1820 introspiciunt,
872 1744 985 1804 formae
1009 1761 1104 1805 seusu
1125 1761 1253 1822 expres·

140 1847 213 1902 sae,
248 1830 297 1890 vel
327 1831 448 1907 cogitati
478 1831 647 1906 prolatione
676 1832 827 1891 sermonis
850 1830 1063 1906 comprehensi
1084 1831 1175 1907 plane
1197 1847 1252 1892 ex·

138 1923 273 1997 perlem,
304 1917 559 1990 quemadmodum
590 1917 666 1977 deus
695 1915 841 1993 principio
870 1919 999 1993 primum
1028 1916 1168 1978 effecerat
1196 1917 1251 1978 ho-

139 2005 270 2079 miuem,
309 2004 490 2079 cognitionis
519 2004 711 2079 simplicitate
741 2004 861 2077 vitaque
893 2003 1085 2075 indistraeta,
1124 2009 1154 2063 et
1182 2003 1252 2080 lege

139 2090 243 2169 carnis
278 2089 455 2150 mortificata
485 2090 558 2149 nudi
587 2091 665 2149 iacti.
729 2087 879 2148 Haberem
908 2091 1013 2163 utique
1042 2089 1101 2150 alio
1131 2104 1251 2164 quoque

140 2176 248 2250 modo,
273 2181 303 2236 et
326 2175 516 2246 sublimiore,
536 2175 574 2235 de
596 2177 750 2252 praesenti
773 2176 952 2248 quaestione
974 2174 1249 2250 contemplandum,

141 2262 197 2323 sed
230 2277 312 2322 nunc
345 2262 466 2336 quidem
501 2263 635 2323 omittam
666 2278 703 2321 ea
732 2261 771 2320 de
799 2276 894 2320 causa
924 2277 1016 2335 quam
1044 2262 1128 2321 initio
1157 2260 1249 2320 huius

141 2349 295 2409 sermonis
319 2364 386 2409 sum
409 2348 576 2424 praelatus.

141 2551 319 2627 Eiusdem
340 2551 518 2623 sermonis
540 2550 579 2622 iu
595 2547 710 2639 illud,
737 2545 962 2639 ,Anniculus
980 2569 1105 2645 porro,
1133 2555 1176 2619 ut
1192 2548 1250 2621 sol

192 2653 371 2744 iustitiae,
399 2653 461 2726 vel
482 2677 503 2726 e
523 2651 625 2727 eaelo
645 2649 900 2751 progrediens,
927 2649 989 2724 vel
1007 2655 1186 2749 quantuni
1202 2650 1249 2724 ad

192 2765 335 2858 partem
361 2781 441 2830 eam
466 2781 559 2855 quae
590 2755 708 2830 oeulis
731 2753 916 2844 cernitur,
951 2753 1248 2852 circumscriptus

193 2888 235 2936 ac
258 2859 453 2934 definihis!

194 3026 199 3034 ·
249 2993 343 3055 Multa
372 2993 531 3054 salvatoris
560 2994 656 3053 nostri
685 2998 758 3051 sunt
787 2995 928 3068 nomina,
959 3009 996 3052 ac
1019 2993 1176 3069 multiplex
1199 3009 1250 3052 se-

142 3080 276 3143 cuudum
314 3096 404 3140 suam
441 3082 587 3153 cuiusque
623 3080 901 3153 interpretationem
936 3079 1081 3154 mysticae
1113 3084 1249 3138 contem-

140 3168 285 3245 plationis
315 3171 375 3226 stat
404 3167 532 3236 modus,
563 3166 634 3240 quia
657 3163 768 3224 multas
791 3165 960 3225 secundum
986 3164 1152 3224 naturalem
1175 3180 1248 3223 con-

141 3255 369 3332 templationem
404 3255 448 3312 rei
481 3269 535 3328 per
563 3250 737 3326 exemplum
766 3252 796 3309 in
825 3267 935 3312 nomen
965 3250 1077 3311 domini
1107 3255 1248 3326 sumptae

141 3340 486 3416 contemplamentomm
522 3339 592 3398 licet
625 3338 783 3397 admittere
819 3339 885 3396 vias
912 3339 945 3396 ¹et
972 3337 1246 3411 interpretationes.

143 3425 404 3501 Quemadmodum
428 3426 562 3500 prolecto
584 3425 614 3484 in
637 3427 788 3499 praesenti
813 3430 917 3485 nostra
940 3425 1119 3497 quaestione
1142 3439 1176 3482 se
1198 3439 1247 3482 res

141 3515 244 3575 habet.
294 3515 367 3574 Cum
398 3513 477 3573 enim
506 3517 627 3588 propter
657 3512 832 3571 brevitatem
858 3511 993 3570 nondum
1022 3510 1119 3585 possit
1147 3525 1248 3568 sermo

143 3616 289 3661 enarrare
318 3598 553 3658 innumerabiles
581 3598 922 3674 centemplamentorum
953 3598 1031 3656 circa
1062 3597 1157 3655 solem
1185 3612 1250 3655 mo·

144 3688 232 3762 dos„
255 3703 314 3761 quo
348 3685 378 3745 id
416 3686 561 3762 magister
596 3700 691 3743 sensu
719 3682 941 3758 contemplatus
972 3684 1010 3742 sit
1041 3699 1097 3742 uos
1128 3696 1249 3756 quoque

143 3773 402 3863 contemplemur,
430 3787 467 3831 ea
490 3772 630 3830 nimirum
653 3786 731 3845 quae
755 3768 933 3843 complicate
956 3775 1026 3827 suni
1050 3769 1130 3829 dicta
1152 3769 1191 3826 ab
1213 3784 1250 3826 eo

143 3877 199 3936 pro
222 3858 299 3918 virili
323 3866 408 3933 parte
430 3858 631 3933 explicantes.
691 3858 798 3915 Annius
821 3857 912 3931 igitur
934 3855 1101 3915 secundum
1125 3859 1250 3913 sanctos

144 3951 175 4005 et
208 3947 363 4020 sapientes
397 3950 518 4003 nostros
552 3943 690 4002 doctores
725 3942 798 4000 solis
830 3948 878 4001 ast
910 3944 947 4000 ab
977 3944 1065 4021 signo
1095 3942 1192 4017 ipsius
1220 3943 1250 3999 in

145 4033 267 4110 signum
300 4031 459 4104 circuitus,
491 4029 678 4105 quintuplum
703 4027 871 4087 secundum
895 4034 1015 4104 tempus
1038 4028 1250 4103 proprietatem

144 4117 419 4193 comprehendens.
475 4117 608 4191 Tempus
639 4115 717 4174 enim
746 4116 774 4172 in
806 4115 885 4176 diem
916 4120 946 4174 et
974 4112 1196 4174 hebdomadam
1223 4119 1254 4173 et

145 4219 286 4264 mensem
316 4210 346 4264 et
375 4204 472 4276 veris,
507 4204 648 4274 aestutiS,
685 4201 838 4274 autumni,
874 4203 982 4261 hiemis
1012 4199 1250 4260 vicissitudinem

146 4297 178 4351 et
205 4305 320 4350 anuum
350 4289 491 4349 dividitur
514 4296 605 4365 atque
628 4289 834 4362 consociatum
867 4289 1001 4361 itemque
1024 4302 1122 4348 annus
1145 4288 1175 4345 in
1198 4284 1258 4346 ho·.

146 4392 213 4438 ram
242 4380 273 4436 et
302 4375 379 4436 diem
412 4382 442 4434 et
473 4375 695 4436 hebdomadam
726 4381 756 4435 et
785 4391 922 4435 mensem
951 4379 981 4433 et
1006 4372 1252 4446 vicissitudinem,
