2752 4778
1185 219 1259 299 379

120 410 228 475 tanus
258 425 386 487 prorsus
416 407 585 486 secundum
615 423 706 479 quam
737 411 784 466 est
814 412 1003 466 commutans
1034 408 1198 476 rationem,
1230 413 1261 468 ει

120 498 291 559 eomnibus
318 497 421 556 omnia
444 493 570 554 saecule
593 499 623 552 et
648 500 785 568 tempora
808 492 965 551 deliniens.
1012 492 1111 567 Atque
1133 494 1192 552 hoe
1214 500 1261 553 est

120 583 297 656 eiortasse,
329 579 530 654 atiniacum,
561 578 633 638 illud
664 579 826 639 sabbatum
849 579 975 655 mystice
998 578 1202 654 celebratum,
1232 586 1262 639 et

120 684 283 747 igmagnus
315 668 353 727 de
383 665 492 726 divinis
522 667 663 740 operibus
692 664 904 739 requiescendi
934 664 1015 738 dies,
1049 679 1127 740 quae
1151 680 1261 726 secun·

146 755 221 817 aura
253 752 382 814 Genesis
418 753 599 826 scripturam
634 766 734 825 neque
763 752 882 810 initium
912 767 1011 824 neque
1040 751 1130 811 tinem
1162 766 1262 825 neque

120 867 133 891 r
148 841 379 918 generationem
403 838 517 898 habero
536 837 669 912 uidetur,
693 852 797 896 eorum
818 852 896 911 quae
916 837 1097 897 definitionis
1120 854 1156 897 ac
1177 854 1262 897 men-

120 928 246 988 selenis
278 926 415 1002 expertia
445 930 518 983 sunt
548 929 619 998 post
647 925 808 984 motionem
833 938 937 982 eorum
961 925 1092 998 quaein
1116 940 1262 985 mensura

120 1044 133 1071 -;
148 1013 275 1079 definita
298 1017 370 1072 sunt
393 1009 615 1080 manifestatio,
645 1015 675 1068 et
691 1010 807 1069 trifinita
825 1025 930 1069 eorum
949 1025 1029 1085 quae
1047 1010 1261 1085 comprehendi

126 1114 187 1160 .ae
211 1097 415 1158 circumscribi
440 1112 500 1154 non
523 1101 654 1170 possunt
674 1101 744 1172 post
762 1095 937 1169 qualitatem
957 1112 1062 1156 eorum
1081 1112 1160 1170 quae
1179 1113 1262 1157 eom·

120 1170 305 1263 {preirenss
334 1190 363 1244 et
394 1184 623 1257 circumscripta
653 1189 725 1242 sant
747 1180 899 1242 identitas.
951 1183 1018 1242 Utut
1042 1184 1132 1258 igitur
1155 1183 1262 1241 voiun-

120 1272 222 1333 nlatis
252 1271 331 1330 actio
360 1269 504 1329 facultate
534 1274 662 1328 naturae
690 1269 799 1341 utitur,
829 1269 895 1326 sive
918 1267 1088 1328 seeundum
1112 1275 1262 1339 naturam,

120 1359 218 1421 asine
252 1362 359 1416 eontra
395 1361 553 1427 naturam,
592 1356 689 1413 bonae
718 1360 773 1413 aut
802 1355 932 1414 miserae
961 1355 1142 1414 existentiae
1171 1356 1261 1415 finem

120 1443 299 1517 tenseipiet
329 1457 397 1500 eam
426 1441 607 1510 habentem,
638 1455 716 1514 quae
745 1445 793 1498 est
815 1440 1000 1513 sempiterna
1023 1443 1203 1512 existentia,
1233 1444 1261 1500 in

121 1543 212 1605 equa
235 1529 399 1589 sabbatum
422 1527 578 1586 celebrant
596 1527 735 1598 animae,
758 1526 797 1584 ab
816 1527 897 1586 ornni
916 1529 1048 1586 motione
1068 1528 1261 1601 requiescen-

120 1622 205 1677 «tes.
259 1613 375 1674 Octava
405 1614 577 1688 et.prima,
616 1612 661 1670 rel
691 1612 790 1686 potius
819 1627 881 1671 una
912 1619 942 1672 et
970 1628 1031 1672 non
1064 1613 1262 1674 dissolvenda

120 1702 215 1763 »dies
246 1715 340 1776 purus
371 1703 418 1758 est
448 1699 612 1771 omniaque
641 1699 709 1758 luae
739 1713 796 1758 sue
822 1697 1007 1758 collustrans
1031 1697 1079 1757 dei
1102 1700 1262 1770 adventus

138 1789 200 1865 qui
224 1792 294 1862 post
315 1801 416 1846 rerum
440 1792 591 1844 metarum
614 1786 775 1844 stationem
799 1785 915 1855 evenit,
947 1787 1042 1845 eleis
1066 1786 1188 1860 quidem
1212 1789 1262 1861 qui

136 1872 303 1936 existendi
336 1872 454 1931 ratione
490 1869 658 1931 secundum
698 1875 838 1931 naturam
877 1871 1033 1931 voluntate
1063 1873 1175 1932 fuerint
1203 1875 1260 1948 usi,

135 1967 231 2022 totus
268 1959 486 2018 convenienter
520 1957 591 2015 totis
628 1956 768 2030 advenit,
807 1960 898 2029 atque
927 1959 1038 2016 bonam
1069 1961 1261 2020 existentiam

133 2048 367 2121 sempiternam
399 2045 446 2102 sai
477 2043 708 2117 participatione
739 2049 769 2100 et
798 2043 1013 2102 communione
1049 2046 1190 2118 praebet,
1230 2051 1262 2105 ut

133 2134 199 2209 qui
232 2131 320 2191 solus
350 2130 469 2205 proprie
498 2135 529 2188 et
550 2129 653 2188 existit
676 2135 705 2188 et
727 2143 847 2202 semper
869 2129 971 2187 existit
994 2134 1025 2188 et
1047 2130 1125 2189 bene
1149 2131 1261 2202 existit,

135 2222 193 2280 eis
224 2222 327 2277 autem
354 2217 404 2291 qui
435 2219 541 2274 contra
572 2222 711 2275 natmam
743 2214 894 2273 existendi
916 2215 1033 2274 ratione
1057 2223 1164 2291 suopte
1188 2233 1261 2276 eon-

131 2305 215 2366 silio
239 2303 351 2363 fuerint
372 2303 421 2360 usi
445 2302 586 2361 miseram
610 2318 663 2376 pro
687 2304 775 2362 beata
798 2301 962 2360 existentia
986 2302 1091 2361 merito
1114 2303 1259 2373 retribuit,

133 2399 178 2452 ut
203 2391 314 2465 quibus
337 2389 458 2449 beatem
481 2387 689 2462 existentiam,
723 2388 770 2446 cui
792 2388 853 2446 iarn
877 2386 999 2446 adversi
1022 2392 1120 2462 stant,
1150 2404 1259 2464 capere

137 2492 209 2538 non
238 2477 342 2548 liceat,
374 2474 485 2548 quique
517 2475 679 2547 quominus
709 2473 739 2532 id
769 2472 850 2546 quod
874 2475 1029 2548 quaeritur
1051 2474 1260 2535 manifestetur

137 2564 282 2625 motione
311 2575 436 2636 prorsus
465 2561 588 2628 carent,
619 2575 678 2632 qna
709 2559 926 2633 quaerentibus
951 2561 980 2618 iri
1004 2559 1085 2634 qaorl
1107 2561 1260 2636 quaeritur

137 2647 336 2710 inaniiesteri
360 2650 469 2721 potest.

136 2782 233 2859 Alia
258 2781 298 2855 in
325 2778 425 2854 idem
453 2778 722 2876 conmmplaiio.

254 2897 352 2970 Atque
373 2909 480 2954 rursus
500 2894 628 2968 septima
648 2900 678 2953 et
697 2896 860 2956 sabbatum
880 2904 929 2958 est
947 2899 1105 2959 nrodorum
1126 2898 1258 2959 omnium

139 2983 318 3046 secundam
349 2981 489 3040 virtutem
520 2983 550 3037 et
579 2980 788 3056 gnosticorum
818 2984 969 3043 rationum
993 2986 1161 3047 secundum
1186 3002 1259 3046 con-

139 3067 375 3144 templationem
405 3071 630 3142 transgressus
684 3065 798 3127 Octava
828 3075 931 3129 autem
955 3077 1001 3130 est
1023 3088 1094 3131 vera
1117 3071 1154 3133 ad
1178 3073 1260 3144 prin-

139 3156 257 3232 cipium
288 3158 318 3213 et
346 3167 472 3212 causam
504 3166 610 3210 eorum
643 3167 721 3226 qnae
751 3154 848 3215 active
874 3160 946 3213 sunt
968 3156 1046 3216 iacta
1071 3162 1102 3216 et
1124 3161 1259 3216 contem-

138 3242 258 3320 plative
282 3244 353 3299 sunt
376 3239 497 3315 cognita
521 3239 723 3314 pergratiam
748 3242 950 3317 regeneratio.

139 3373 234 3448 Atia
255 3373 295 3446 ia
319 3371 418 3444 idem
442 3374 713 3471 contemplatio.

255 3489 309 3560 Est
337 3492 429 3568 igitur
454 3506 559 3551 rursus
585 3493 675 3552 etiam
699 3495 828 3569 septima
851 3500 881 3554 et
903 3497 1064 3555 sabbatum
1089 3496 1262 3571 impassibi-

140 3581 216 3638 litas
246 3592 326 3652 qaae
356 3579 486 3638 activam
517 3577 741 3654 philosophiam
771 3580 939 3640 secundum
970 3582 1110 3642 virtutem
1141 3583 1258 3657 excipit.

142 3665 261 3725 Octava
284 3678 356 3722 vero
380 3671 408 3724 el
432 3664 526 3740 prima
549 3669 612 3735 est,
636 3672 669 3725 at
688 3681 751 3724 uua
769 3673 859 3741 atque
878 3666 1113 3741 indissolubilis,
1138 3669 1259 3742 sapien-

141 3754 188 3810 tia
220 3755 399 3824 quaepost
428 3749 599 3828 gnosticam
631 3751 917 3828 contemplationem
949 3755 1151 3829 subsequitur.
1199 3750 1259 3810 Seri

142 3837 215 3898 aliis
245 3850 367 3910 quoque
397 3842 427 3896 et
455 3851 600 3910 perquam
631 3838 722 3896 variis
753 3839 850 3898 modis
880 3854 979 3898 rerum
1003 3841 1171 3900 divinarum
1196 3844 1260 3897 stu·

142 3922 224 3982 diosi
256 3937 428 3983 sermonem
458 3921 497 3980 de
528 3921 637 3983 talibus
661 3923 802 3998 accipere
825 3932 970 4000 possunt,
1004 3925 1115 3986 multas
1140 3931 1169 3984 et
1193 3924 1259 3999 pul-

141 4008 238 4068 chras
261 4013 291 4068 et
313 4024 403 4068 veras
427 4006 618 4069 adinventuri
641 4011 924 4085 contemplationes.

140 4145 204 4221 Ex
237 4145 368 4221 eodem
398 4167 585 4238 sermone,
621 4148 803 4245 quomodo
828 4149 946 4241 titud,
983 4148 1199 4248 ,Duplicate
1224 4162 1260 4226 et

196 4248 382 4347 triplicate
392 4252 411 4340 ‘‚
448 4248 594 4347 capiens
623 4252 795 4348 magister
820 4253 858 4325 in
887 4254 1104 4351 mysterium
1127 4254 1172 4328 de
1195 4254 1257 4328 he·

196 4352 380 4427 bdomade
405 4352 518 4443 dicat,
547 4348 752 4443 ,Consimili
769 4356 879 4429 modo
899 4365 934 4428 ει
951 4367 1138 4454 septenam
1154 4355 1258 4431 Eliae
