2752 4778
1084 214 1156 294 101

10 400 15 433 ⁸
49 399 108 465 sed
137 403 194 462 erit
223 417 354 481 magnus
385 407 415 461 et
445 418 505 461 uon
535 401 728 476 permeabilis
753 401 854 461 lrlatus
877 393 1067 475 interiectus,
1098 424 1159 468 nou

11 500 14 515 ²
50 490 174 549 divitem
205 489 362 548 alaneio
389 495 419 546 et
450 489 582 562 expetito
607 488 748 553 Abrahae
770 490 839 548 sinu
864 488 1025 564 dirimens,
1056 509 1159 553 verum

10 574 13 596 ¹
49 580 243 652 procreatam
274 580 303 633 et
333 573 449 633 fluxam
478 580 617 634 naturam
641 575 679 632 ab
703 575 837 633 increata
860 582 890 634 et
912 570 1052 638 stabili‘?
1107 579 1160 637 His

10 654 15 693 f
49 666 261 721 consentanea
298 664 388 732 atque
422 660 533 719 similia
568 675 700 736 maguus
739 660 787 720 dei
823 677 934 735 praeco
973 666 1162 738 persequitur

10 747 12 776 ¹
49 747 216 822 Dionysius
235 746 435 822 areopagita,
460 745 582 816 dicens,
614 745 702 819 ,Nam
728 746 901 806 audendum
925 752 972 806 est
992 748 1052 807 hoc
1071 751 1161 809 etiam

10 834 14 867 ³
49 834 89 893 de
114 834 240 891 veritate
264 832 380 905 dicere,
405 829 485 905 quod
508 833 638 906 ipsemet
660 833 794 892 omnium
814 849 914 892 rerum
933 833 1002 892 lons
1021 840 1051 893 et
1068 851 1162 895 causo

10 922 14 954 r
49 918 180 996 pulchro
204 922 234 975 et
258 919 337 977 bono
362 923 540 977 cunctorum
565 933 684 987 amore,
715 925 835 992 propter
857 935 1021 978 excessum
1044 920 1162 980 bonita-

50 1007 90 1065 tis
121 1004 352 1064 amantissimae
382 1008 467 1064 extra
498 1021 532 1063 se
561 1005 663 1064 existit
693 1020 747 1078 per
775 1021 873 1064 rerum
904 1006 1040 1064 omnium
1063 1008 1164 1082 provi-

10 1091 17 1127 r
48 1090 190 1164 dentiaS,
225 1095 255 1149 ct
287 1091 376 1164 quasi
404 1089 573 1149 delectatur
600 1090 749 1150 eiusmodi
778 1088 913 1152 bonitate
935 1096 965 1150 et
987 1092 1112 1152 caritate
1135 1097 1164 1151 et

10 1179 16 1212 ³
49 1191 174 1245 amore,
202 1180 249 1250 et,
280 1192 348 1236 oum
380 1177 418 1234 sit
449 1192 543 1251 supra
573 1177 675 1236 omnia
704 1182 734 1235 et
763 1179 863 1237 omnia
894 1182 923 1236 et
953 1193 989 1236 ex
1021 1179 1163 1238 omuibus

10 1294 12 1299 ·
10 1267 232 1338 exemptus,
267 1262 305 1321 ad
329 1262 502 1321 universale
526 1263 700 1330 deducitur,
724 1263 894 1323 secuudum
913 1265 1089 1324 ecstaticam
1113 1280 1165 1323 su-

47 1347 297 1426 pernaturalem,
332 1364 409 1422 quae
440 1351 575 1423 seipsum
606 1348 689 1407 haud
720 1349 859 1420 deserat,
889 1350 1049 1408 virtutem‘
1094 1347 1166 1410 For·

47 1443 140 1496 tasse
159 1435 265 1510 igitur,
288 1439 321 1492 ut
337 1434 414 1504 dixi,
438 1450 537 1494 meam
560 1435 657 1507 illius,
689 1434 793 1507 ,tutudit
816 1437 896 1494 enim
919 1436 996 1495 ratio
1019 1439 1165 1507 summa‘,

46 1537 147 1597 quarn
185 1521 292 1595 paucis
329 1521 454 1595 exposui
492 1522 640 1580 rationem
673 1537 710 1578 ex
740 1520 787 1579 his
818 1536 938 1595 quoque
968 1527 997 1579 et
1026 1523 1055 1580 in
1086 1521 1167 1581 haue

46 1607 240 1668 sententiam
263 1606 451 1681 interpretari
472 1608 558 1666 uobis
577 1606 681 1680 liceat,
705 1609 747 1666 utl
769 1607 923 1667 dicamus:
954 1605 1038 1667 Sicut
1056 1623 1167 1683 pareu-

46 1701 100 1754 tes
125 1691 173 1772 (ut
191 1695 317 1752 nostrae
333 1693 412 1752 vitae
437 1692 585 1768 exemplis
609 1699 679 1767 utar
701 1693 739 1752 ad
763 1710 811 1752 res
836 1709 914 1768 quae
938 1701 1086 1769 superant
1109 1710 1166 1754 uos

46 1777 287 1855 deducandas),
322 1779 424 1854 pueris
456 1781 604 1856 pigritiam
628 1788 772 1839 exeruere
795 1780 955 1840 studentes
978 1781 1168 1840 condescen-

47 1866 152 1926 sionis
170 1864 260 1924 modo
282 1880 352 1924 sese
370 1865 603 1924 accommodant
621 1871 651 1924 et
669 1866 795 1940 puerilia
814 1866 928 1925 ludicra
952 1869 1039 1940 sequi
1062 1866 1168 1926 viden-

46 1960 117 2025 tur,
150 1951 242 2010 veluti
271 1950 318 2010 lac
347 1952 475 2011 nucibus
505 1957 535 2009 et
559 1950 627 2009 talis
650 1951 755 2008 ludere
778 1967 845 2010 cum
870 1954 913 2009 eis
937 1953 1167 2028 rnorigeruntes,

48 2038 103 2098 vel
132 2039 222 2096 etiam
254 2036 344 2097 ssores
374 2037 508 2096 colorum
538 2037 685 2095 varietate
712 2036 871 2095 distinctos
894 2042 924 2094 et
947 2041 1050 2096 vestes
1074 2037 1166 2097 variis

49 2124 210 2186 coloribus
240 2125 367 2192 tinctas,
400 2139 480 2197 quae
510 2139 623 2183 sensus
655 2122 823 2192 mulceant,
855 2128 1076 2197 proponentes,
1108 2124 1168 2197 pri-

51 2226 141 2272 mum
171 2214 301 2268 avocant
331 2214 384 2268 aut
409 2209 653 2283 obstupefaciant
676 2224 804 2283 pueros,
834 2207 894 2267 alio
918 2224 1009 2283 opere
1032 2207 1166 2267 noudum

50 2299 244 2370 occupatos,
274 2295 365 2370 paulo
395 2302 465 2370 post
495 2312 567 2354 vero
597 2295 669 2353 ludo
697 2295 840 2355 litterario
868 2295 1004 2370 ipsisque
1034 2293 1168 2368 discipli-

52 2399 129 2444 nam
166 2383 336 2458 graviorem
371 2381 512 2458 tradunt,
548 2388 578 2440 et
611 2383 740 2456 propriis
773 2381 903 2456 negotiis
933 2382 1088 2440 imbuunt:
1124 2380 1168 2438 sle

46 2471 190 2530 *fortasse
217 2468 307 2527 etiarn
336 2482 437 2526 rerum
460 2469 673 2527 universarum
699 2467 789 2526 deum
814 2468 912 2525 verbis
936 2469 1001 2526 istis
1024 2467 1169 2543 magister

51 2571 112 2633 per
140 2569 240 2613 rerum
270 2556 442 2613 creatarum
472 2569 552 2627 quae
583 2560 732 2628 apparent
753 2554 841 2612 nobis
864 2553 958 2628 ueluti
979 2551 1168 2612 historialem

52 2641 176 2701 interim
207 2645 348 2700 naturam
370 2656 447 2708 nos,
480 2654 561 2698 nunc
582 2639 675 2698 veluti
700 2640 832 2699 maxime
853 2654 979 2714 pueros,
1010 2640 1041 2697 in
1065 2639 1169 2697 obstu-

54 2727 259 2804 pefactionem
289 2725 336 2783 uel
365 2726 455 2785 etiam
478 2726 686 2786 arrocationem
712 2731 879 2800 conspeetu
901 2727 1041 2786 nimirum
1065 2739 1169 2784 earum

54 2821 88 2874 et
117 2815 292 2889 cognitione
323 2813 514 2881 inicientem,
548 2812 659 2871 deinde
690 2814 783 2872 etiarn
811 2811 1049 2887 spiritualiomm
1072 2812 1101 2868 in
1125 2810 1169 2869 eis

53 2900 211 2960 rationum
242 2899 529 2974 contemplationem
552 2899 779 2971 immittentem,
809 2905 964 2973 postremo
989 2897 1096 2958 adsui
1118 2913 1170 2956 co-

54 2987 226 3064 gnitionem
256 2985 355 3061 magis
384 2986 562 3059 mysticam,
599 2988 745 3058 quautam
773 2985 923 3060 attingere
952 2985 1041 3042 nobis
1069 2983 1169 3053 liceat,

56 3087 140 3148 quae
171 3072 209 3129 ab
239 3071 319 3128 omni
347 3071 377 3128 in
406 3070 501 3128 forma
530 3074 560 3128 et
589 3069 733 3143 qualitate
763 3072 792 3128 et
822 3070 924 3144 specie
947 3077 978 3128 et
1001 3069 1170 3141 quantitate

55 3165 123 3218 tam
154 3156 354 3217 multitudinis
384 3171 474 3230 quam
504 3155 592 3215 molis
622 3155 712 3230 plane
740 3168 817 3230 pura
840 3158 888 3214 est
910 3170 963 3229 per
984 3152 1171 3230 theologiam

53 3243 280 3316 deducentem,
318 3243 348 3300 iu
378 3242 535 3302 uarietatis
564 3248 655 3314 atque
686 3241 913 3316 compositionis
941 3243 1087 3314 tanquam
1113 3239 1173 3314 pri·

55 3331 118 3390 mis
149 3328 327 3404 disciplinae
356 3328 514 3387 elementis
545 3329 574 3385 in
599 3327 688 3385 linem
712 3325 995 3404 contemplationis,
1024 3324 1170 3399 ,ludere‘,

56 3422 94 3476 ut
125 3415 162 3473 ab
194 3415 295 3473 diuino
324 3412 470 3491 Gregorio
505 3413 617 3472 dictum
651 3420 713 3481 est,
751 3419 780 3471 et
814 3414 852 3471 ab
886 3412 988 3471 divino
1019 3409 1173 3484 Dionysio,

59 3499 234 3576 ,delectari‘
259 3507 289 3558 et
312 3505 416 3572 ,extra
439 3516 473 3560 se
496 3500 650 3558 existere!

170 3615 287 3674 Revera
316 3614 395 3673 enirn
426 3629 475 3672 res
505 3618 682 3687 praesentes
712 3616 741 3670 et
769 3612 848 3670 visui
871 3610 1007 3671 obiectae
1029 3609 1113 3670 iuxta
1136 3624 1173 3668 ea

58 3717 143 3780 quae
172 3701 292 3776 proprie
322 3716 358 3759 ac
388 3715 458 3760 vere
490 3704 577 3768 suut,
614 3712 753 3773 quaeque
781 3698 812 3756 in
843 3696 942 3756 luturo
972 3697 1172 3771 apparebunt,

59 3788 210 3851 collocata
248 3792 338 3860 atque
376 3789 551 3860 comparata
588 3783 679 3844 ludus
710 3783 851 3859 puerilis,
891 3782 961 3856 quln
994 3781 1053 3840 hoc
1083 3781 1173 3840 etiarn

58 3875 141 3938 ultra
170 3887 239 3932 esse
271 3872 395 3931 videtur.
452 3871 527 3930 Nam
551 3887 619 3930 oum
643 3872 769 3930 veritate
792 3884 892 3928 rerum
915 3868 1034 3942 proprie
1058 3867 1176 3925 diviua·

59 3975 129 4022 rum
159 3965 250 4034 atque
280 3956 472 4033 originalium
501 3963 694 4030 comparatus
724 3971 822 4015 rerum
852 3954 1059 4029 praesentium
1084 3956 1176 4025 atquc

58 4045 160 4109 oeulis
191 4045 377 4104 obiectorum
407 4041 481 4100 ordo
512 4057 550 4100 ne
581 4054 652 4101 esse
680 4041 802 4118 quidem
824 4040 887 4099 ullo
910 4037 1001 4098 modo
1024 4040 1068 4097 eis
1093 4035 1176 4095 vide-

59 4134 142 4193 bltur
170 4132 218 4204 qui
250 4134 344 4190 totam
376 4143 429 4204 pro
459 4126 611 4197 facultatis
643 4144 720 4186 suae
743 4127 842 4212 gradu
865 4125 983 4184 divinae
1008 4122 1176 4199 pulchritu-

60 4219 143 4279 dinis
173 4215 316 4276 decorem
345 4229 456 4290 capere
487 4220 680 4287 meruerunt,
713 4214 801 4271 sicuti
825 4226 882 4270 nec
904 4204 1029 4285 puerilis
1052 4209 1175 4269 omniuo

133 4385 159 4434 2.
183 4379 228 4431 Sic
246 4380 304 4430 uod.
324 4380 391 4438 oua
929 4446 970 4506 Ν
