2752 4778
1129 172 1133 195 ¹
1182 215 1257 298 atr

137 397 219 456 dane
254 398 400 456 continua
435 403 464 455 et
494 397 585 457 nullis
615 397 748 457 discreta
776 396 943 458 intervallis
972 414 1026 476 per
1056 416 1124 462 euro
1154 408 1258 467 maaet

138 484 256 556 motio,
287 483 368 543 circe
397 495 488 556 quom
511 497 591 558 qaae
614 498 668 557 per
689 484 930 547 immutationem
953 491 1130 561 spectantur
1151 487 1258 555 disert-

139 570 247 638 minu.
284 569 460 628 continuum
498 569 651 643 nullisque
688 569 855 630 intervallis
892 568 1076 635 disiunctum
1111 576 1256 651 temporis

140 656 311 715 motionem
334 656 468 715 numeris
491 656 690 732 distinguant.
735 653 850 727 Quodsi
871 657 902 715 io
925 655 1007 718 huno
1029 658 1152 721 modum
1176 661 1257 738 opud

139 758 205 803 uos
235 741 405 801 secundum
434 739 508 800 solis
538 757 661 802 cursum
684 740 717 801 iit
739 757 857 810 eronus,
886 757 987 803 onnus
1010 760 1121 819 nempe
1142 745 1257 807 domiui

139 827 342 902 acceptabilis
366 828 489 886 omnino
512 833 575 901 est,
606 831 639 887 ut
661 828 808 900 scriptum
831 828 955 904 legitur,
988 831 1157 892 secuudum
1181 833 1257 897 alle-

138 916 252 992 goriae
286 914 408 974 ruodum
444 914 588 974 universa
624 913 816 973 saeculorum
851 916 991 976 extensio
1021 930 1058 976 ac
1089 919 1202 990 series,
1237 935 1257 983 e

138 1001 234 1060 culus
257 1001 402 1076 principio
425 998 482 1059 deo
505 999 619 1075 placuit
641 998 777 1060 essentie
800 1015 909 1059 ornare
929 1016 966 1060 eu
991 1017 1070 1075 quae
1093 1011 1195 1077 erunt,
1225 1010 1258 1067 el

139 1087 314 1148 extantium
338 1086 411 1145 dure
433 1087 478 1144 eis
501 1102 581 1160 quoe
605 1101 664 1146 ooo
688 1090 789 1155 erant,
812 1090 843 1145 et
860 1102 914 1160 por
930 1087 1167 1162 providentium,
1190 1097 1257 1153 leu-

140 1188 237 1249 quom
265 1171 481 1232 intellectualis
510 1171 601 1247 aliqui
630 1172 676 1232 sol
706 1173 823 1233 virtutis
852 1172 891 1231 ad
920 1176 1158 1248 perservandam
1188 1177 1256 1238 uul-

139 1259 321 1318 versitatem
344 1259 544 1328 continentis,
579 1275 648 1319 cum
672 1257 934 1318 condescensione
957 1260 1074 1321 rodium
1097 1262 1256 1325 iumriltere

140 1346 319 1419 sustineas,
356 1361 415 1418 quo
443 1346 575 1404 variaret
604 1344 712 1403 modos
743 1344 780 1402 nd
810 1344 992 1404 maturando
1015 1361 1052 1406 ea
1076 1348 1155 1407 bona
1177 1363 1256 1422 quae

139 1433 237 1491 rebus
266 1431 468 1490 existentibus
498 1432 617 1505 proprio
646 1431 756 1488 insevit
783 1444 882 1504 usque
911 1431 983 1491 dum
1007 1433 1109 1493 omnia
1132 1433 1256 1496 saecule

139 1522 359 1578 consummata
381 1517 506 1588 luerint,
537 1533 597 1592 quo
620 1521 756 1590 ternpore
778 1518 891 1592 proprii
915 1519 1040 1578 seminis
1059 1519 1173 1580 fructus
1193 1520 1256 1583 col-

139 1606 219 1681 liget
241 1619 259 1660 a
280 1602 357 1662 loliis
380 1603 547 1674 discretos,
571 1604 712 1676 omnique
735 1601 850 1676 paleati
872 1602 977 1680 glurna
999 1612 1091 1679 alque
1114 1608 1256 1683 congerie

137 1706 255 1766 puros,
279 1688 413 1762 dumque
435 1690 579 1749 universo
602 1705 706 1748 eorum
730 1705 808 1762 quae
831 1695 992 1751 luctentur
1013 1693 1156 1751 motionis
1179 1694 1256 1755 rullo

138 1777 235 1836 luerit
267 1776 444 1847 terminate,
483 1781 512 1835 el
541 1777 560 1833 ii
591 1776 640 1850 qui
670 1782 844 1835 meruerunt
873 1775 1073 1843 deilicationis
1103 1794 1254 1841 snrnmurn

139 1879 224 1938 quae
255 1860 428 1936 praedicato
458 1867 522 1920 eret
555 1859 770 1921 beatitudinem
803 1862 980 1938 percipiunt.
1047 1862 1132 1935 ,Sol‘
1166 1865 1255 1941 igitur

140 1948 312 2024 ‚iustitiae‘
336 1947 476 2007 dominus
499 1946 684 2023 appellatur,
709 1953 742 2007 ul
763 1947 860 2007 lector
882 1953 914 2007 et
935 1956 1163 2010 consummator
1185 1967 1254 2013 soe·

139 2034 301 2106 culorum,
330 2039 359 2093 et
380 2043 414 2094 ut
436 2034 613 2108 principium
637 2048 735 2091 rerum
760 2033 971 2094 universarum
994 2051 1032 2093 ac
1052 2037 1138 2108 sinis,
1166 2039 1254 2111 qum.

138 2121 280 2196 tuplique
313 2119 479 2181 secandum
508 2119 729 2195 providentiam
759 2120 829 2177 honi
859 2136 895 2178 ac
924 2119 1071 2194 sapientis
1101 2123 1130 2180 io
1161 2123 1254 2184 rebus

140 2209 254 2282 quilius
284 2207 439 2281 provisum
468 2211 516 2265 est
544 2205 660 2266 ordinis
684 2205 864 2265 constitutor
887 2209 917 2264 et
940 2205 1062 2275 artilex,
1094 2213 1125 2267 et
1146 2212 1180 2266 at
1201 2223 1253 2274 ae·

139 2301 231 2354 terna
253 2292 321 2353 luce
343 2294 487 2353 universo
509 2291 629 2368 replens
653 2289 751 2365 plenis
776 2291 919 2353 bonilatis
940 2292 1125 2367 missilibus,
1149 2299 1180 2353 et
1197 2308 1252 2359 eos

139 2380 197 2457 qui
233 2381 312 2439 beati
347 2381 412 2439 eius
448 2377 525 2439 redii
558 2377 719 2454 recipiendi
747 2376 847 2455 gretia
874 2377 1096 2441 intellectuales
1126 2379 1252 2445 canales

139 2481 219 2527 suos
252 2465 397 2540 amplient
426 2470 563 2550 maturos
594 2470 623 2524 et
653 2463 827 2525 esculentos
859 2463 917 2524 deo
945 2469 975 2524 et
1003 2466 1080 2539 patri
1109 2465 1253 2527 reddens.

138 2552 226 2613 ldem
256 2566 327 2611 vero
358 2557 388 2611 et
416 2567 514 2612 nonrrs
544 2551 656 2611 domini
687 2549 886 2624 acceptabilis
915 2555 977 2624 est,
1014 2557 1047 2611 ut
1069 2569 1122 2626 per
1144 2567 1252 2617 onmes

140 2640 198 2715 qui
220 2644 382 2699 serrantur
404 2645 637 2698 consummatus
660 2636 828 2697 secundum
852 2635 1040 2711 quintuplum
1065 2653 1143 2712 quae
1164 2637 1252 2701 iutel-

139 2725 312 2787 lectualiler
333 2725 366 2784 m
388 2726 426 2784 ab
450 2740 501 2793 co,
530 2729 676 2798 tauquam
698 2723 831 2783 iustitiae
855 2722 936 2792 sole,
959 2724 1140 2796 motionem,
1161 2741 1251 2800 quaet
1356 2717 1359 2722 ⁵

141 2810 264 2872 noverit
290 2810 381 2886 quuoe
411 2810 585 2885 quicunque
615 2826 668 2885 per
697 2807 872 2886 diligentem
903 2810 1019 2869 ratione
1046 2825 1252 2886 rerumquae

142 2898 223 2959 elsui
253 2904 357 2956 nostro
387 2897 525 2957 obiectae
554 2903 628 2957 suot
656 2895 825 2956 naturalem
850 2897 1136 2972 contemplationem
1160 2897 1253 2967 colle,

140 2985 223 3062 gerit
244 2984 431 3057 spiritualem
454 2997 558 3042 eorum
578 2998 656 3057 quoe
676 2988 846 3042 noscuntur
863 2983 1032 3042 scientiam.
1076 2984 1162 3045 lllloc
1180 2999 1252 3045 aero

140 3068 376 3147 ‚progredieos,
401 3067 446 3127 rel
467 3068 504 3128 ad
525 3074 641 3144 partem
661 3084 729 3129 eam
752 3083 831 3142 quae
853 3067 950 3127 oculis
972 3071 1104 3129 cernitur
1126 3072 1252 3131 circnma

139 3157 273 3231 scriptus
304 3164 333 3215 et
361 3156 519 3215 definitus‘
549 3171 568 3213 a
598 3154 743 3228 magistro
773 3152 944 3227 appellatus
973 3161 1036 3224 est,
1067 3156 1116 3215 vel
1144 3162 1179 3216 ut
1199 3156 1250 3222 lurr
1317 3150 1320 3157 '

139 3243 181 3303 de
202 3241 287 3315 luce,
325 3248 355 3302 et
376 3241 453 3300 deus
477 3257 567 3300 verus
588 3241 626 3300 de
649 3240 707 3300 deo
730 3239 933 3301 essentialiter
956 3257 1029 3300 vero
1050 3248 1137 3317 patre
1160 3258 1252 3319 gene,

140 3329 267 3389 rationis
298 3330 345 3388 viu
373 3327 587 3404 progrediens,
620 3324 667 3384 vel
695 3331 731 3385 ut
757 3326 850 3402 hoino
872 3324 951 3386 idem
975 3327 1076 3399 quiin
1100 3329 1186 3387 nohis
1208 3329 1251 3386 ri·

139 3416 232 3475 detur
262 3421 389 3478 naturae
412 3415 513 3489 specie
535 3414 799 3486 circumscriptus,
829 3411 1087 3486 quemadmodum
1110 3414 1172 3486 sol,
1202 3416 1251 3489 qai

139 3502 181 3561 de
210 3500 296 3561 caelo
325 3499 523 3578 progrediens
553 3515 680 3574 corpore
710 3499 795 3558 disco
823 3499 911 3559 simili
934 3505 1102 3574 apparente
1124 3501 1252 3562 circum·

141 3588 291 3647 scribitur.
1310 3594 1318 3607 ·

139 3769 201 3843 Ex
230 3769 359 3842 eodem
383 3793 551 3843 sermone
573 3771 611 3844 in
636 3770 752 3860 illud,
795 3767 917 3859 ‚lituu
939 3771 1093 3844 minime
1117 3771 1250 3844 miren-

195 3872 303 3963 dum,
339 3873 437 3970 quod
466 3875 626 3947 maxime
660 3871 912 3971 persingulas
939 3872 1169 3947 domosovis
1197 3894 1250 3948 re·

195 3975 375 4074 quiritur}

251 4109 336 4171 Dicet
364 4128 435 4170 vero
465 4112 573 4187 uliquis
605 4112 749 4180 fortasse,
782 4129 839 4171 nec
867 4114 933 4172 sine
962 4114 1094 4181 ratione,
1124 4119 1157 4174 ιιι
1180 4113 1250 4173 milii

140 4199 279 4271 videtur,
309 4195 340 4256 Si
358 4199 479 4272 quidem
503 4215 584 4259 unus
603 4203 651 4258 cst
668 4197 823 4270 Christus,
847 4215 901 4274 per
920 4198 1018 4274 legem
1039 4204 1068 4258 ει
1086 4199 1250 4275 prophetoe

141 4299 258 4364 perque
287 4283 467 4344 conditionis
496 4283 749 4362 magnificentiam
780 4285 823 4343 eis
853 4286 901 4359 qui
929 4285 1123 4362 spiritualiter
1145 4286 1251 4348 audire

140 4379 235 4448 atque
267 4370 368 4430 ridere
398 4373 523 4446 cupiunt
552 4371 680 4448 mystice
710 4369 923 4446 praedicatus,
963 4372 1118 4449 quomodo
1145 4377 1260 4448 teque>
