2752 4778
230 245 302 329 540

220 433 330 526 ’Ἁλίη
357 458 439 526 περι
427 427 584 502 αὐτοῦ
610 426 765 525 θεωρία.

328 557 373 624 ’H
397 558 520 644 μήποτε
550 559 682 644 γυμνός,
711 559 753 636 ολς
781 584 878 664 φησιν
907 555 1166 642 ὃδιδάσκαλος,
1198 564 1255 640 τῆς
1269 568 1333 668 περὶ

230 647 326 733 φύσιν
352 653 499 726 ποικίλης
527 652 668 758 θεωρίας
696 651 749 710 καὶ
778 644 935 728 γνάσεαις,
969 650 1022 710 καί
1052 646 1117 736 ζωῇ
1149 651 1189 736 τῆ
1200 645 1335 754 άτέχιρ,

230 738 282 813 τῆς
310 738 384 816 περὶ
412 735 530 841 πρᾶξιν
553 739 606 797 καί
629 729 741 817 ιίρετήν
762 730 967 839 πολυτρόπου
988 713 1211 814 μεθοδείας
1196 732 1336 836 υιτάρχιιι

229 818 334 900 έκτδς,
366 818 446 884 κατιλ
473 817 527 898 τήν
557 818 621 894 ἕξιν
642 818 723 926 έχων
745 817 819 895 τοιλς
840 821 902 882 τῶν
922 814 1042 903 ἀρετῶν
1063 815 1274 901 άμολύντους
1293 818 1337 884 λό-

229 931 319 1014 γους,
351 909 403 970 καί
426 909 501 989 δίχα
523 903 642 981 παντός
663 904 920 988 ἐπικαλύμματος
940 911 992 968 καί
1014 903 1270 1011 προβλήματος,
1296 903 1337 984 τής

229 987 276 1056 ἐπ’
298 989 472 1070 αἰσθήσεσι
495 995 556 1055 τῶν
578 995 778 1100 φαινομένων
800 994 945 1064 διανοίας
965 988 1047 1097 πρὸς
1052 991 1272 1099 κατανόησιν
1288 995 1337 1056 τόν

230 1083 328 1142 θείων
338 1080 611 1185 ,προηγουμένως
633 1103 669 1141 ου
659 1074 829 1162 χρήζων,
850 1075 967 1183 μόνην
972 1076 1026 1155 τήν
1044 1072 1212 1156 διπλῆν
1174 1103 1231 1158 της
1248 1077 1337 1143 έιοει·

230 1167 304 1271 δούς
331 1167 383 1228 καί
413 1160 513 1244 άπλής
534 1169 587 1227 καὶ
610 1166 790 1272 συνεκτικής
811 1166 872 1226 τῶν
891 1159 969 1245 μετά
993 1161 1119 1227 θεὸν
1096 1168 1218 1247 αρετῆς
1241 1189 1274 1230 τε
1294 1171 1337 1230 καί

229 1247 373 1358 γνώσεως
406 1247 487 1334 έχων
520 1247 699 1358 προβολήν,
736 1253 789 1328 τῆς
818 1245 866 1312 ἐπ
894 1247 1033 1358 ἰνεργείρ
1060 1249 1168 1333 μόνης
1195 1249 1338 1330 κινήσεως

229 1333 311 1419 πρός
341 1334 494 1441 έκφανσιν
527 1331 721 1419 αύθαίρετον
750 1334 955 1444 χρήζουσαν.
997 1332 1129 1419 Ἀμέλει
1162 1341 1245 1420 γοῦν
1274 1337 1336 1404 ὅσοι

230 1420 403 1508 φιλοσόφῳ
431 1420 528 1525 λόγῳ
545 1426 597 1501 τῆς
624 1426 680 1486 τοῦ
706 1420 914 1530 προπάτορος
941 1419 1074 1504 ἐγείρειν
1102 1422 1244 1500 ἑαυτούς
1270 1421 1339 1506 βού-

230 1515 339 1573 λονται
371 1506 623 1615 παραπτυίσειυς,
664 1512 792 1618 πρῶτον
824 1505 1022 1616 υἰπάρχονται
1052 1511 1105 1587 τῆς
1136 1514 1203 1574 τῶν
1233 1513 1339 1575 παθόν

230 1589 442 1669 παντελοῦς
422 1597 638 1677 αφαιρέσεως,
667 1588 731 1658 εἰθ’
754 1593 852 1670 οίίτως
874 1598 927 1673 τῆς
944 1600 1021 1700 περὶ
1045 1592 1121 1670 τοιλς
1146 1596 1269 1680 λόγους
1288 1601 1338 1661 τόν

231 1683 359 1789 τεχνῶν
376 1675 546 1788 ιίσχολιρς,
578 1685 631 1745 καί
654 1686 743 1756 τέλος
764 1679 818 1759 τήν
840 1679 975 1784 φυσικήν
996 1675 1244 1789 ὑπερκύψαντες
1265 1688 1338 1748 θευ-

232 1773 304 1849 ρίαν
330 1764 376 1842 εἰς
405 1764 458 1843 τήν
486 1763 584 1831 άίλον
612 1765 853 1876 παρακύπτουσι
882 1770 1014 1848 γνῶσιν,
1046 1766 1101 1846 τήν
1131 1769 1177 1851 μή
1209 1769 1338 1854 ἔχουσαι

231 1855 389 1960 πρντελάς
417 1850 570 1930 ιιίσθήσει
598 1857 790 1935 τυπουμένην
814 1850 965 1962 μορφήν,
1003 1851 1021 1932 5
1050 1851 1157 1937 νόημα
1186 1861 1339 1958 προφορᾷ

231 1935 328 2021 λόγου
356 1935 576 2046 χωρούμενον,
610 1938 719 2014 καθυλς
744 1937 824 2014 ἐξ’
804 1943 904 2048 55559
932 1936 987 2001 τδυ
999 1943 1145 2045 ,πρῶτον
1168 1940 1339 2027 ἄνθρωποι

70 2051 119 2092 οιι.
129 2046 224 2098 ww.
232 2019 442 2132 ἒποίησενΙ
425 2050 442 2089 ο
465 2024 562 2107 θεός,
592 2030 704 2108 γυμνοὶ
733 2029 769 2115 τῇ
797 2023 948 2104 ἁπλότητι
978 2022 1030 2104 τής
1056 2027 1212 2108 γνιύσεοις
1237 2035 1293 2095 καὶ
1311 2032 1340 2120 τί

230 2105 474 2222 άπερισπάστῳ
489 2112 564 2202 ζωη,
594 2118 647 2176 καὶ
677 2116 714 2200 τῇ
729 2110 892 2224 νεκρρίσει
921 2115 978 2174 τού
1008 2109 1109 2193 νόμου
1142 2119 1198 2220 τῆς
1229 2080 1340 2201 σαρκός

231 2196 405 2282 γενόμενοι.
461 2189 519 2261 Ἦν
545 2201 653 2281 μέντοι
684 2205 737 2263 καί
765 2194 831 2262 κατ’
860 2194 958 2261 ἄλλον
986 2194 1108 2279 τρόπον
1140 2193 1340 2310 ιλιρηλοτὲρως

232 2288 394 2393 θεωρῆσαι
424 2284 460 2348 τό
489 2290 700 2367 προκείμενον
727 2280 870 2367 άπορον,
899 2280 978 2346 ιίλλά
1001 2291 1220 2367 παρείσθωί
1236 2286 1273 2354 τά
1296 2292 1340 2352 νύν

231 2366 311 2434 5²⁰
292 2396 328 2448 ην
350 2365 528 2455 υἰρχόμενος
548 2374 605 2434 τού
626 2369 723 2453 λόγου
745 2380 904 2453 προεῖπον
925 2369 1038 2433 αἰτίαν

69 2570 174 2610 1525„
180 2582 222 2609 0.
234 2528 309 2597 Τοῦ
346 2523 463 2596 αὐτοῦ
495 2523 607 2622 λόγου
637 2525 686 2604 εἰς
713 2522 773 2610 τὸ,
817 2523 1024 2595 Ενιαόοιον
1052 2521 1112 2609 δὲ,
1162 2525 1216 2609 ὥς·
1244 2528 1338 2625 ἥλιον

69 2583 223 2722 {2155}
283 2623 586 2720 δικαιοσύνης,’
562 2653 584 2718 η
608 2623 792 2698 ἐκεῖθεν
774 2625 1012 2721 ορμωμενον,
1041 2655 1063 2720 5
1086 2655 1143 2699 τω
1165 2627 1338 2728 ὁρωαίνρ

69 2726 139 2767 ama.
282 2725 542 2829 περιγραπτόν.

339 2865 464 2924 Πολλοί
487 2864 542 2925 τού
548 2864 704 2969 σωτήρος
733 2859 819 2970 5555
847 2863 928 2928 εἰσὶν
958 2863 992 2926 αἰ
1021 2878 1262 2952 προςηγορίαι,
1296 2877 1338 2937 »aa

231 2941 478 3056 πολύτροπος(
462 2972 478 3011 ο
510 2942 558 3031 ἐφ’
586 2945 698 3034 ἑκάστη
721 2947 799 3013 κατά
823 2947 878 3055 τήν
898 2944 992 3027 αύτής
1014 2954 1168 3017 ἐπίνοιαν
1192 2960 1250 3034 τῆς
1271 2957 1337 3062 κατά

231 3040 370 3142 θεωρίαν
398 3029 560 3138 ιίναγωγής
587 3015 761 3114 καθέότηκε
790 3033 926 3119 τρόπος,
959 3033 1010 3099 διὰ
1042 3035 1079 3102 τό
1109 3040 1243 3120 πολλάς
1271 3041 1338 3110 ιωτιί

230 3119 284 3200 τήν
312 3115 447 3205 φυσικήν
474 3124 616 3205 θεωρίαν
646 3124 701 3184 τού
729 3125 1026 3229 παραδειγματικῶς
1055 3124 1101 3200 εἰς
1125 3138 1338 3214 προςηγορίοι

231 3211 285 3272 τού
315 3212 425 3290 κυρίου
452 3209 694 3356 λαμβανομένου
721 3206 908 3317 πράγματος
936 3207 1150 3293 ἐπιδέχεσθαι
1182 3215 1336 3284 δύνασθαι

232 3291 443 3402 θεωρημάτων
472 3291 632 3376 ἐπιβολάς.
678 3292 795 3402 Ὥςπερ
822 3289 930 3377 οἰμέλει
957 3301 1009 3359 καί
1033 3295 1069 3361 τό
1093 3302 1151 3365 νύν
1174 3311 1338 3390 προκείμε·

230 3395 285 3443 νον
306 3375 380 3483 ἡμῖν
400 3376 526 3476 τίπορον
547 3377 624 3482 ἔχει.
668 3378 816 3455 Πολλοιλς
839 3378 898 3465 γάρ
922 3379 1020 3458 ὅσους
1048 3380 1180 3452 ούδέπιυ
1211 3392 1337 3457 δυνατοί

231 3464 436 3548 τυγχάνοντος
457 3491 511 3529 του
513 3463 633 3572 λόγου
654 3464 869 3576 θεωρημάτων
891 3473 964 3574 περὶ
985 3472 1050 3533 τού
1074 3461 1178 3549 ήλίου
1200 3475 1336 3587 τρόποις

231 3552 389 3617 ἐκθέσθαι
412 3549 464 3614 διά
487 3548 524 3615 τό
547 3550 719 3633 σύντομον,
753 3548 868 3617 καθ’“
849 3579 886 3630 ην
909 3549 926 3617 5
950 3554 1212 3636 διδάσκαλος’
1170 3561 1252 3629 αυτιλ
1275 3563 1335 3628 ἰιτί

233 3663 320 3747 νοιιιν
349 3636 526 3745 ἐθεώρησε,
555 3643 608 3703 καὶ
637 3634 725 3720 ἡμεῖς
738 3637 982 3746 θεωρήσωμεν,
1015 3639 1052 3705 τά
1083 3653 1334 3757 συνεπτργμένιυς

231 3722 315 3832 αύτῷ
337 3721 483 3833 δηλονότι
505 3720 642 3805 ρηθέντα
671 3722 749 3789 κατά
779 3724 911 3808 δύναμιν
941 3727 1163 3808 ἐξαπλούντες.
1219 3732 1333 3800 ’-Ενιου

230 3808 284 3885 τός
305 3816 410 3873 τοίνυν
432 3809 499 3874 ἐστὶ
522 3808 600 3874 κατὰ
623 3809 696 3886 τοιλς
718 3806 828 3920 άγίους
850 3817 903 3877 καί
925 3811 1048 3896 σοροιλς
1071 3811 1167 3927 ήμῶν
1190 3820 1332 3888 διδασιά·

231 3891 341 3971 λους“
325 3922 341 3974 5
365 3899 421 3960 τού
443 3891 576 3975 ήλίου’
556 3896 620 3960 απδ
643 3901 701 3960 τοῦ
723 3892 820 3963 αύτοιλ
838 3905 969 3980 σημείου
988 3899 1033 3975 εἰς
1052 3899 1088 3965 τό
1108 3900 1193 3971 αύτό
1212 3919 1331 3992 σημείου

231 3978 504 4090 ιίποκατάστασις,
533 3986 585 4061 τῆς
612 3983 690 4047 κατά
714 3982 838 4094 χρόνον
859 3989 1037 4065 πενταπλής
1059 3987 1230 4072 ἰδιότητος
1252 4021 1331 4101 περι·

231 4066 344 4145 εκτική.
393 4064 432 4131 0
460 4066 520 4151 γὰρ
550 4066 666 4152 χρόνος
695 4069 740 4145 εἰς
768 4065 886 4156 ἡμέραν
914 4075 968 4134 καὶ
990 4071 1161 4157 ε’βδομάδα
1185 4086 1240 4146 καί
1262 4085 1330 4192 μήτι

230 4160 284 4218 καὶ
311 4154 422 4262 καιρὸν
451 4160 504 4258 κρὶ
532 4153 675 4221 ἐνιαυτόν
701 4157 876 4263 μερίζεταί
890 4163 997 4221 τεκαὶ
1020 4159 1214 4244 συνάγεται·
1250 4161 1329 4234 κοίδ
1366 4216 1374 4225 .

231 4235 420 4316 ἐνιαυτὸς
397 4238 553 4318 ωςαύτως,
590 4242 635 4318 εἰς
663 4241 749 4327 ολραν
777 4247 830 4308 καὶ
860 4237 977 4325 ἡμέραν
1005 4251 1060 4310 καί
1091 4246 1262 4338 ἑβδομάδα
1288 4259 1329 4320 ιιιί

298 4411 321 4464 l.
344 4408 409 4466 cod.
432 4410 500 4465 θοὰ.
519 4407 619 4466 τανῦν.
