<?xml version="1.0" encoding="UTF-8"?>
<!DOCTYPE html PUBLIC "-//W3C//DTD XHTML 1.0 Transitional//EN"
    "http://www.w3.org/TR/xhtml1/DTD/xhtml1-transitional.dtd">
<html xmlns="http://www.w3.org/1999/xhtml" xml:lang="en" lang="en">
 <head>
  <title>
</title>
<meta http-equiv="Content-Type" content="text/html;charset=utf-8" />
  <meta name='ocr-system' content='tesseract 3.04.00' />
  <meta name='ocr-capabilities' content='ocr_page ocr_carea ocr_par ocr_line ocrx_word'/>
</head>
<body>
  <div class='ocr_page' id='page_1' title='image "./sanctipatrisnos00maxigoog_0324.png"; bbox 0 0 2752 4778; ppageno 0'>
   <div class='ocr_carea' id='block_1_1' title="bbox 1066 188 1142 266">
    <p class='ocr_par' dir='ltr' id='par_1_1' title="bbox 1066 188 1142 266">
     <span class='ocr_line' id='line_1_1' title="bbox 1066 188 1142 266; baseline -0.013 -1"><span class='ocrx_word' id='word_1_1' title='bbox 1066 188 1142 266; x_wconf 67' lang='lat'>28&#39;9</span> 
     </span>
    </p>
   </div>
   <div class='ocr_carea' id='block_1_2' title="bbox 23 367 1192 1827">
    <p class='ocr_par' dir='ltr' id='par_1_2' title="bbox 23 367 1192 1827">
     <span class='ocr_line' id='line_1_2' title="bbox 31 367 1144 450; baseline 0.007 -23"><span class='ocrx_word' id='word_1_2' title='bbox 31 369 93 444; x_wconf 88' lang='lat' dir='ltr'>ipsi</span> <span class='ocrx_word' id='word_1_3' title='bbox 115 367 342 430; x_wconf 85' lang='lat' dir='ltr'>manifestatum</span> <span class='ocrx_word' id='word_1_4' title='bbox 365 383 452 442; x_wconf 87' lang='lat' dir='ltr'>esse,</span> <span class='ocrx_word' id='word_1_5' title='bbox 480 374 610 446; x_wconf 83' lang='lat' dir='ltr'>negant,</span> <span class='ocrx_word' id='word_1_6' title='bbox 641 375 671 429; x_wconf 90' lang='lat' dir='ltr'>et</span> <span class='ocrx_word' id='word_1_7' title='bbox 692 372 897 448; x_wconf 77' lang='lat' dir='ltr'>ignorantiam</span> <span class='ocrx_word' id='word_1_8' title='bbox 920 389 988 433; x_wconf 88' lang='lat' dir='ltr'>eam</span> <span class='ocrx_word' id='word_1_9' title='bbox 1011 389 1071 450; x_wconf 91' lang='lat' dir='ltr'>qua</span> <span class='ocrx_word' id='word_1_10' title='bbox 1084 375 1144 436; x_wconf 82' lang='lat' dir='ltr'>bic</span> 
     </span>
     <span class='ocr_line' id='line_1_3' title="bbox 32 453 1143 533; baseline 0.006 -19"><span class='ocrx_word' id='word_1_11' title='bbox 32 453 166 514; x_wconf 88' lang='lat' dir='ltr'>conditio</span> <span class='ocrx_word' id='word_1_12' title='bbox 188 469 208 513; x_wconf 88' lang='lat' dir='ltr'>a</span> <span class='ocrx_word' id='word_1_13' title='bbox 230 454 288 513; x_wconf 91' lang='lat' dir='ltr'>deo</span> <span class='ocrx_word' id='word_1_14' title='bbox 306 453 487 514; x_wconf 80' lang='lat' dir='ltr'><strong>discernitur</strong></span> <span class='ocrx_word' id='word_1_15' title='bbox 507 454 731 516; x_wconf 75' lang='lat' dir='ltr'>distinctionem</span> <span class='ocrx_word' id='word_1_16' title='bbox 750 458 914 533; x_wconf 87' lang='lat' dir='ltr'>appellant.</span> <span class='ocrx_word' id='word_1_17' title='bbox 961 460 1046 532; x_wconf 85' lang='lat' dir='ltr'>Quae</span> <span class='ocrx_word' id='word_1_18' title='bbox 1063 463 1143 521; x_wconf 89' lang='lat' dir='ltr'>enim</span> 
     </span>
     <span class='ocr_line' id='line_1_4' title="bbox 32 540 1142 619; baseline 0.005 -20"><span class='ocrx_word' id='word_1_19' title='bbox 32 540 214 601; x_wconf 75' lang='lat' dir='ltr'>naturaliter</span> <span class='ocrx_word' id='word_1_20' title='bbox 246 556 284 600; x_wconf 93' lang='lat' dir='ltr'>ea</span> <span class='ocrx_word' id='word_1_21' title='bbox 314 542 392 601; x_wconf 91' lang='lat' dir='ltr'>iuter</span> <span class='ocrx_word' id='word_1_22' title='bbox 420 557 454 602; x_wconf 91' lang='lat' dir='ltr'>se</span> <span class='ocrx_word' id='word_1_23' title='bbox 482 543 627 616; x_wconf 89' lang='lat' dir='ltr'>secernit,</span> <span class='ocrx_word' id='word_1_24' title='bbox 665 559 701 602; x_wconf 91' lang='lat' dir='ltr'>ac</span> <span class='ocrx_word' id='word_1_25' title='bbox 730 560 889 619; x_wconf 91' lang='lat' dir='ltr'>nunquam</span> <span class='ocrx_word' id='word_1_26' title='bbox 917 547 947 604; x_wconf 94' lang='lat' dir='ltr'>in</span> <span class='ocrx_word' id='word_1_27' title='bbox 977 549 1142 606; x_wconf 84' lang='lat' dir='ltr'>essentiam</span> 
     </span>
     <span class='ocr_line' id='line_1_5' title="bbox 31 628 1144 707; baseline 0.004 -19"><span class='ocrx_word' id='word_1_28' title='bbox 31 642 128 688; x_wconf 90' lang='lat' dir='ltr'>unam</span> <span class='ocrx_word' id='word_1_29' title='bbox 158 629 240 686; x_wconf 91' lang='lat' dir='ltr'>coire</span> <span class='ocrx_word' id='word_1_30' title='bbox 267 628 361 702; x_wconf 83' lang='lat' dir='ltr'>sinit,</span> <span class='ocrx_word' id='word_1_31' title='bbox 390 642 458 686; x_wconf 93' lang='lat' dir='ltr'>cum</span> <span class='ocrx_word' id='word_1_32' title='bbox 485 640 582 688; x_wconf 92' lang='lat' dir='ltr'>unam</span> <span class='ocrx_word' id='word_1_33' title='bbox 611 629 803 704; x_wconf 87' lang='lat' dir='ltr'>eandemque</span> <span class='ocrx_word' id='word_1_34' title='bbox 831 633 979 691; x_wconf 90' lang='lat' dir='ltr'>rationem</span> <span class='ocrx_word' id='word_1_35' title='bbox 1010 633 1144 707; x_wconf 86' lang='lat' dir='ltr'>recipere</span> 
     </span>
     <span class='ocr_line' id='line_1_6' title="bbox 32 714 1145 792; baseline 0.005 -20"><span class='ocrx_word' id='word_1_36' title='bbox 32 716 184 789; x_wconf 82' lang='lat' dir='ltr'>nequeat,</span> <span class='ocrx_word' id='word_1_37' title='bbox 218 728 286 773; x_wconf 91' lang='lat' dir='ltr'>eam</span> <span class='ocrx_word' id='word_1_38' title='bbox 319 714 464 774; x_wconf 86' lang='lat' dir='ltr'>indictam</span> <span class='ocrx_word' id='word_1_39' title='bbox 498 714 656 789; x_wconf 89' lang='lat' dir='ltr'>liquemut.</span> <span class='ocrx_word' id='word_1_40' title='bbox 723 715 872 792; x_wconf 87' lang='lat' dir='ltr'>Alteram,</span> <span class='ocrx_word' id='word_1_41' title='bbox 888 744 891 748; x_wconf 95' lang='lat'>·</span> <span class='ocrx_word' id='word_1_42' title='bbox 906 733 966 791; x_wconf 91' lang='lat' dir='ltr'>qua</span> <span class='ocrx_word' id='word_1_43' title='bbox 999 720 1145 778; x_wconf 90' lang='lat' dir='ltr'>universa</span> 
     </span>
     <span class='ocr_line' id='line_1_7' title="bbox 32 798 1144 878; baseline 0.004 -19"><span class='ocrx_word' id='word_1_44' title='bbox 32 815 114 874; x_wconf 90' lang='lat' dir='ltr'>quae</span> <span class='ocrx_word' id='word_1_45' title='bbox 135 815 191 876; x_wconf 88' lang='lat' dir='ltr'>per</span> <span class='ocrx_word' id='word_1_46' title='bbox 211 798 416 860; x_wconf 89' lang='lat' dir='ltr'>conditionem</span> <span class='ocrx_word' id='word_1_47' title='bbox 436 815 455 858; x_wconf 93' lang='lat' dir='ltr'>a</span> <span class='ocrx_word' id='word_1_48' title='bbox 477 799 534 859; x_wconf 92' lang='lat' dir='ltr'>deo</span> <span class='ocrx_word' id='word_1_49' title='bbox 556 803 752 861; x_wconf 89' lang='lat' dir='ltr'>existentiam</span> <span class='ocrx_word' id='word_1_50' title='bbox 776 805 891 878; x_wconf 88' lang='lat' dir='ltr'>accepit</span> <span class='ocrx_word' id='word_1_51' title='bbox 912 809 1020 864; x_wconf 93' lang='lat' dir='ltr'>natura</span> <span class='ocrx_word' id='word_1_52' title='bbox 1043 821 1144 863; x_wconf 87' lang='lat' dir='ltr'>secer-</span> 
     </span>
     <span class='ocr_line' id='line_1_8' title="bbox 34 885 1143 965; baseline 0.003 -20"><span class='ocrx_word' id='word_1_53' title='bbox 34 887 116 949; x_wconf 79' lang='lat' dir='ltr'>niun</span> <span class='ocrx_word' id='word_1_54' title='bbox 143 887 174 945; x_wconf 91' lang='lat' dir='ltr'>iu</span> <span class='ocrx_word' id='word_1_55' title='bbox 202 885 410 963; x_wconf 83' lang='lat' dir='ltr'>intellegibilis</span> <span class='ocrx_word' id='word_1_56' title='bbox 437 890 474 946; x_wconf 83' lang='lat' dir='ltr'>et·</span> <span class='ocrx_word' id='word_1_57' title='bbox 496 888 660 948; x_wconf 89' lang='lat' dir='ltr'>sensibilia.</span> <span class='ocrx_word' id='word_1_58' title='bbox 717 889 865 965; x_wconf 81' lang='lat' dir='ltr'>Tertiam,</span> <span class='ocrx_word' id='word_1_59' title='bbox 901 906 960 964; x_wconf 93' lang='lat' dir='ltr'>qua</span> <span class='ocrx_word' id='word_1_60' title='bbox 989 890 1143 951; x_wconf 88' lang='lat' dir='ltr'>sensibilis</span> 
     </span>
     <span class='ocr_line' id='line_1_9' title="bbox 23 973 1142 1052; baseline 0.004 -20"><span class='ocrx_word' id='word_1_61' title='bbox 23 977 145 1033; x_wconf 87' lang='lat' dir='ltr'>natura</span> <span class='ocrx_word' id='word_1_62' title='bbox 174 973 344 1032; x_wconf 86' lang='lat' dir='ltr'>secernitur</span> <span class='ocrx_word' id='word_1_63' title='bbox 374 974 404 1032; x_wconf 93' lang='lat' dir='ltr'>in</span> <span class='ocrx_word' id='word_1_64' title='bbox 435 973 554 1033; x_wconf 90' lang='lat' dir='ltr'>caelum</span> <span class='ocrx_word' id='word_1_65' title='bbox 585 991 621 1034; x_wconf 90' lang='lat' dir='ltr'>ac</span> <span class='ocrx_word' id='word_1_66' title='bbox 650 977 773 1035; x_wconf 89' lang='lat' dir='ltr'>terram.</span> <span class='ocrx_word' id='word_1_67' title='bbox 826 975 971 1047; x_wconf 80' lang='lat' dir='ltr'>Quartam</span> <span class='ocrx_word' id='word_1_68' title='bbox 1002 977 1142 1052; x_wconf 89' lang='lat' dir='ltr'>denique,</span> 
     </span>
     <span class='ocr_line' id='line_1_10' title="bbox 32 1059 1144 1134; baseline 0.003 -16"><span class='ocrx_word' id='word_1_69' title='bbox 32 1074 95 1134; x_wconf 90' lang='lat' dir='ltr'>qua</span> <span class='ocrx_word' id='word_1_70' title='bbox 124 1064 205 1119; x_wconf 88' lang='lat' dir='ltr'>terra</span> <span class='ocrx_word' id='word_1_71' title='bbox 234 1060 400 1119; x_wconf 88' lang='lat' dir='ltr'>secernitur</span> <span class='ocrx_word' id='word_1_72' title='bbox 422 1060 452 1117; x_wconf 93' lang='lat' dir='ltr'>in</span> <span class='ocrx_word' id='word_1_73' title='bbox 476 1059 652 1134; x_wconf 89' lang='lat' dir='ltr'>paradisum</span> <span class='ocrx_word' id='word_1_74' title='bbox 676 1065 706 1119; x_wconf 92' lang='lat' dir='ltr'>et</span> <span class='ocrx_word' id='word_1_75' title='bbox 727 1062 831 1120; x_wconf 92' lang='lat' dir='ltr'>orbem</span> <span class='ocrx_word' id='word_1_76' title='bbox 852 1066 1001 1122; x_wconf 87' lang='lat' dir='ltr'>terrarum</span> <span class='ocrx_word' id='word_1_77' title='bbox 1024 1063 1144 1123; x_wconf 91' lang='lat' dir='ltr'>habita-</span> 
     </span>
     <span class='ocr_line' id='line_1_11' title="bbox 32 1138 1143 1221; baseline 0.002 -17"><span class='ocrx_word' id='word_1_78' title='bbox 32 1138 140 1216; x_wconf 85' lang='lat' dir='ltr'>bilem,</span> <span class='ocrx_word' id='word_1_79' title='bbox 170 1149 201 1204; x_wconf 91' lang='lat' dir='ltr'>et</span> <span class='ocrx_word' id='word_1_80' title='bbox 228 1145 379 1219; x_wconf 85' lang='lat' dir='ltr'>quintam,</span> <span class='ocrx_word' id='word_1_81' title='bbox 412 1161 473 1218; x_wconf 91' lang='lat' dir='ltr'>qua</span> <span class='ocrx_word' id='word_1_82' title='bbox 500 1145 593 1206; x_wconf 94' lang='lat' dir='ltr'>homo</span> <span class='ocrx_word' id='word_1_83' title='bbox 621 1149 651 1205; x_wconf 94' lang='lat' dir='ltr'>in</span> <span class='ocrx_word' id='word_1_84' title='bbox 681 1149 821 1207; x_wconf 93' lang='lat' dir='ltr'>omnibus</span> <span class='ocrx_word' id='word_1_85' title='bbox 849 1153 994 1221; x_wconf 85' lang='lat' dir='ltr'>tanquam</span> <span class='ocrx_word' id='word_1_86' title='bbox 1023 1149 1143 1207; x_wconf 88' lang='lat' dir='ltr'>officina</span> 
     </span>
     <span class='ocr_line' id='line_1_12' title="bbox 31 1230 1192 1307; baseline -0.001 -17"><span class='ocrx_word' id='word_1_87' title='bbox 31 1230 137 1306; x_wconf 90' lang='lat' dir='ltr'>aliqua</span> <span class='ocrx_word' id='word_1_88' title='bbox 160 1231 332 1291; x_wconf 89' lang='lat' dir='ltr'>arctissimo</span> <span class='ocrx_word' id='word_1_89' title='bbox 356 1232 403 1291; x_wconf 94' lang='lat' dir='ltr'>sui</span> <span class='ocrx_word' id='word_1_90' title='bbox 425 1232 547 1292; x_wconf 87' lang='lat' dir='ltr'>viuculo</span> <span class='ocrx_word' id='word_1_91' title='bbox 568 1234 712 1293; x_wconf 91' lang='lat' dir='ltr'>universa</span> <span class='ocrx_word' id='word_1_92' title='bbox 734 1235 911 1307; x_wconf 91' lang='lat' dir='ltr'>continens,</span> <span class='ocrx_word' id='word_1_93' title='bbox 949 1239 979 1292; x_wconf 92' lang='lat' dir='ltr'>et</span> <span class='ocrx_word' id='word_1_94' title='bbox 1001 1235 1142 1293; x_wconf 92' lang='lat' dir='ltr'>omnibus</span> <span class='ocrx_word' id='word_1_95' title='bbox 1180 1260 1192 1289; x_wconf 68' lang='lat' dir='ltr'>a</span> 
     </span>
     <span class='ocr_line' id='line_1_13' title="bbox 32 1317 1143 1395; baseline 0 -16"><span class='ocrx_word' id='word_1_96' title='bbox 32 1317 206 1379; x_wconf 88' lang='lat' dir='ltr'>secundum</span> <span class='ocrx_word' id='word_1_97' title='bbox 227 1333 350 1378; x_wconf 93' lang='lat' dir='ltr'>omnem</span> <span class='ocrx_word' id='word_1_98' title='bbox 373 1317 596 1378; x_wconf 89' lang='lat' dir='ltr'>distinctionem</span> <span class='ocrx_word' id='word_1_99' title='bbox 621 1320 858 1393; x_wconf 75' lang='lat' dir='ltr'>extremitatibus</span> <span class='ocrx_word' id='word_1_100' title='bbox 881 1336 936 1395; x_wconf 92' lang='lat' dir='ltr'>pcr</span> <span class='ocrx_word' id='word_1_101' title='bbox 959 1337 994 1379; x_wconf 91' lang='lat' dir='ltr'>se</span> <span class='ocrx_word' id='word_1_102' title='bbox 1016 1325 1143 1379; x_wconf 90' lang='lat' dir='ltr'>natura-</span> 
     </span>
     <span class='ocr_line' id='line_1_14' title="bbox 33 1404 1143 1482; baseline 0 -18"><span class='ocrx_word' id='word_1_103' title='bbox 33 1404 102 1465; x_wconf 90' lang='lat' dir='ltr'>liter</span> <span class='ocrx_word' id='word_1_104' title='bbox 131 1404 306 1465; x_wconf 90' lang='lat' dir='ltr'>interiectus</span> <span class='ocrx_word' id='word_1_105' title='bbox 335 1405 552 1465; x_wconf 91' lang='lat' dir='ltr'>convenienter</span> <span class='ocrx_word' id='word_1_106' title='bbox 584 1406 754 1466; x_wconf 91' lang='lat' dir='ltr'>secuudum</span> <span class='ocrx_word' id='word_1_107' title='bbox 789 1407 1017 1482; x_wconf 83' lang='lat' dir='ltr'>generationem</span> <span class='ocrx_word' id='word_1_108' title='bbox 1050 1407 1143 1466; x_wconf 87' lang='lat' dir='ltr'>rebus</span> 
     </span>
     <span class='ocr_line' id='line_1_15' title="bbox 33 1490 1143 1568; baseline 0.001 -16"><span class='ocrx_word' id='word_1_109' title='bbox 33 1490 236 1552; x_wconf 87' lang='lat' dir='ltr'>existentibus</span> <span class='ocrx_word' id='word_1_110' title='bbox 265 1490 378 1550; x_wconf 90' lang='lat' dir='ltr'>inlatus</span> <span class='ocrx_word' id='word_1_111' title='bbox 408 1495 577 1552; x_wconf 89' lang='lat' dir='ltr'>secernitur</span> <span class='ocrx_word' id='word_1_112' title='bbox 607 1492 637 1551; x_wconf 94' lang='lat' dir='ltr'>in</span> <span class='ocrx_word' id='word_1_113' title='bbox 669 1492 875 1552; x_wconf 90' lang='lat' dir='ltr'>masculinum</span> <span class='ocrx_word' id='word_1_114' title='bbox 903 1497 933 1552; x_wconf 90' lang='lat' dir='ltr'>et</span> <span class='ocrx_word' id='word_1_115' title='bbox 954 1493 1143 1568; x_wconf 79' lang='lat' dir='ltr'>femininum,</span> 
     </span>
     <span class='ocr_line' id='line_1_16' title="bbox 32 1575 1145 1652; baseline -0.001 -15"><span class='ocrx_word' id='word_1_116' title='bbox 32 1578 118 1637; x_wconf 90' lang='lat' dir='ltr'>omui</span> <span class='ocrx_word' id='word_1_117' title='bbox 147 1575 282 1652; x_wconf 84' lang='lat' dir='ltr'>prolecto</span> <span class='ocrx_word' id='word_1_118' title='bbox 312 1578 536 1639; x_wconf 86' lang='lat' dir='ltr'>extremitatum</span> <span class='ocrx_word' id='word_1_119' title='bbox 566 1580 700 1638; x_wconf 93' lang='lat' dir='ltr'>omnium</span> <span class='ocrx_word' id='word_1_120' title='bbox 731 1579 943 1639; x_wconf 90' lang='lat' dir='ltr'>medietatibus</span> <span class='ocrx_word' id='word_1_121' title='bbox 967 1579 1145 1638; x_wconf 90' lang='lat' dir='ltr'>naturaliter</span> 
     </span>
     <span class='ocr_line' id='line_1_17' title="bbox 31 1663 1145 1741; baseline -0.001 -17"><span class='ocrx_word' id='word_1_122' title='bbox 31 1663 72 1724; x_wconf 89' lang='lat' dir='ltr'>de</span> <span class='ocrx_word' id='word_1_123' title='bbox 104 1663 293 1739; x_wconf 87' lang='lat' dir='ltr'>propriarum</span> <span class='ocrx_word' id='word_1_124' title='bbox 322 1663 359 1723; x_wconf 94' lang='lat' dir='ltr'>ad</span> <span class='ocrx_word' id='word_1_125' title='bbox 391 1679 496 1725; x_wconf 93' lang='lat' dir='ltr'>omnes</span> <span class='ocrx_word' id='word_1_126' title='bbox 525 1665 731 1732; x_wconf 87' lang='lat' dir='ltr'>extremitates</span> <span class='ocrx_word' id='word_1_127' title='bbox 760 1667 888 1741; x_wconf 91' lang='lat' dir='ltr'>partium</span> <span class='ocrx_word' id='word_1_128' title='bbox 916 1682 1042 1725; x_wconf 91' lang='lat' dir='ltr'>suarum</span> <span class='ocrx_word' id='word_1_129' title='bbox 1064 1665 1145 1724; x_wconf 91' lang='lat' dir='ltr'>rala-</span> 
     </span>
     <span class='ocr_line' id='line_1_18' title="bbox 31 1749 1145 1827; baseline 0.001 -18"><span class='ocrx_word' id='word_1_130' title='bbox 31 1751 96 1809; x_wconf 88' lang='lat' dir='ltr'>tiva</span> <span class='ocrx_word' id='word_1_131' title='bbox 129 1749 275 1811; x_wconf 85' lang='lat' dir='ltr'>facultate</span> <span class='ocrx_word' id='word_1_132' title='bbox 308 1749 464 1825; x_wconf 90' lang='lat' dir='ltr'>praeditus</span> <span class='ocrx_word' id='word_1_133' title='bbox 496 1751 622 1810; x_wconf 90' lang='lat' dir='ltr'>uniendi</span> <span class='ocrx_word' id='word_1_134' title='bbox 654 1752 845 1826; x_wconf 92' lang='lat' dir='ltr'>coeundique</span> <span class='ocrx_word' id='word_1_135' title='bbox 878 1757 1048 1827; x_wconf 89' lang='lat' dir='ltr'>potestate,</span> <span class='ocrx_word' id='word_1_136' title='bbox 1085 1767 1145 1826; x_wconf 91' lang='lat' dir='ltr'>qua</span> 
     </span>
    </p>
   </div>
   <div class='ocr_carea' id='block_1_3' title="bbox 23 1828 1240 1914">
    <p class='ocr_par' dir='ltr' id='par_1_3' title="bbox 23 1828 1240 1914">
     <span class='ocr_line' id='line_1_19' title="bbox 23 1828 1240 1914; baseline 0.002 -18"><span class='ocrx_word' id='word_1_137' title='bbox 23 1834 145 1896; x_wconf 86' lang='lat' dir='ltr'>modus</span> <span class='ocrx_word' id='word_1_138' title='bbox 175 1834 344 1896; x_wconf 91' lang='lat' dir='ltr'>secundum</span> <span class='ocrx_word' id='word_1_139' title='bbox 374 1852 502 1898; x_wconf 90' lang='lat' dir='ltr'>causam</span> <span class='ocrx_word' id='word_1_140' title='bbox 531 1839 737 1914; x_wconf 85' lang='lat' dir='ltr'>generationis</span> <span class='ocrx_word' id='word_1_141' title='bbox 768 1854 874 1898; x_wconf 90' lang='lat' dir='ltr'>eorum</span> <span class='ocrx_word' id='word_1_142' title='bbox 900 1828 1145 1911; x_wconf 87' lang='lat' dir='ltr'>quae-distincta</span> <span class='ocrx_word' id='word_1_143' title='bbox 1238 1869 1240 1873; x_wconf 16' lang='grc' dir='ltr'><em>Α</em></span> 
     </span>
    </p>
   </div>
   <div class='ocr_carea' id='block_1_4' title="bbox 17 1921 1232 4327">
    <p class='ocr_par' dir='ltr' id='par_1_4' title="bbox 17 1921 1232 4327">
     <span class='ocr_line' id='line_1_20' title="bbox 30 1921 1145 2000; baseline 0 -18"><span class='ocrx_word' id='word_1_144' title='bbox 30 1927 106 1982; x_wconf 83' lang='lat' dir='ltr'>sunt</span> <span class='ocrx_word' id='word_1_145' title='bbox 139 1921 309 1997; x_wconf 88' lang='lat' dir='ltr'>completus</span> <span class='ocrx_word' id='word_1_146' title='bbox 339 1922 432 1982; x_wconf 90' lang='lat' dir='ltr'>divini</span> <span class='ocrx_word' id='word_1_147' title='bbox 461 1939 606 2000; x_wconf 86' lang='lat' dir='ltr'>magnum</span> <span class='ocrx_word' id='word_1_148' title='bbox 637 1924 753 1983; x_wconf 91' lang='lat' dir='ltr'>consilii</span> <span class='ocrx_word' id='word_1_149' title='bbox 784 1925 960 2000; x_wconf 89' lang='lat' dir='ltr'>mysterium</span> <span class='ocrx_word' id='word_1_150' title='bbox 991 1940 1045 1998; x_wconf 91' lang='lat' dir='ltr'>per</span> <span class='ocrx_word' id='word_1_151' title='bbox 1074 1940 1145 1983; x_wconf 89' lang='lat' dir='ltr'>sese</span> 
     </span>
     <span class='ocr_line' id='line_1_21' title="bbox 28 2008 1146 2086; baseline -0.001 -17"><span class='ocrx_word' id='word_1_152' title='bbox 28 2008 243 2086; x_wconf 79' lang='lat' dir='ltr'>patefacturus</span> <span class='ocrx_word' id='word_1_153' title='bbox 271 2012 352 2082; x_wconf 90' lang='lat' dir='ltr'>erat,</span> <span class='ocrx_word' id='word_1_154' title='bbox 373 2011 438 2083; x_wconf 86' lang='lat' dir='ltr'>qui</span> <span class='ocrx_word' id='word_1_155' title='bbox 460 2015 597 2070; x_wconf 90' lang='lat' dir='ltr'>mutuam</span> <span class='ocrx_word' id='word_1_156' title='bbox 619 2011 649 2068; x_wconf 96' lang='lat' dir='ltr'>in</span> <span class='ocrx_word' id='word_1_157' title='bbox 672 2011 764 2069; x_wconf 93' lang='lat' dir='ltr'>rebus</span> <span class='ocrx_word' id='word_1_158' title='bbox 787 2025 865 2084; x_wconf 92' lang='lat' dir='ltr'>quae</span> <span class='ocrx_word' id='word_1_159' title='bbox 887 2011 1023 2068; x_wconf 88' lang='lat' dir='ltr'>existunt</span> <span class='ocrx_word' id='word_1_160' title='bbox 1046 2016 1146 2068; x_wconf 88' lang='lat' dir='ltr'>extre-</span> 
     </span>
     <span class='ocr_line' id='line_1_22' title="bbox 27 2094 1145 2172; baseline -0.003 -16"><span class='ocrx_word' id='word_1_161' title='bbox 27 2095 172 2156; x_wconf 89' lang='lat' dir='ltr'>mitatum</span> <span class='ocrx_word' id='word_1_162' title='bbox 195 2100 398 2172; x_wconf 85' lang='lat' dir='ltr'>congruenter</span> <span class='ocrx_word' id='word_1_163' title='bbox 419 2111 437 2167; x_wconf 89' lang='lat' dir='ltr'>a</span> <span class='ocrx_word' id='word_1_164' title='bbox 459 2097 604 2172; x_wconf 89' lang='lat' dir='ltr'>proximis</span> <span class='ocrx_word' id='word_1_165' title='bbox 627 2095 666 2154; x_wconf 91' lang='lat' dir='ltr'>ad</span> <span class='ocrx_word' id='word_1_166' title='bbox 689 2095 865 2168; x_wconf 85' lang='lat' dir='ltr'>ulteriora,..</span> <span class='ocrx_word' id='word_1_167' title='bbox 886 2097 1083 2170; x_wconf 89' lang='lat' dir='ltr'>peiorumque</span> <span class='ocrx_word' id='word_1_168' title='bbox 1106 2094 1145 2153; x_wconf 91' lang='lat' dir='ltr'>ad</span> 
     </span>
     <span class='ocr_line' id='line_1_23' title="bbox 19 2180 1145 2259; baseline -0.002 -17"><span class='ocrx_word' id='word_1_169' title='bbox 19 2180 163 2242; x_wconf 84' lang='lat' dir='ltr'>meliora</span> <span class='ocrx_word' id='word_1_170' title='bbox 191 2180 336 2256; x_wconf 88' lang='lat' dir='ltr'>deinceps</span> <span class='ocrx_word' id='word_1_171' title='bbox 365 2186 395 2241; x_wconf 92' lang='lat' dir='ltr'>et</span> <span class='ocrx_word' id='word_1_172' title='bbox 420 2198 475 2258; x_wconf 93' lang='lat' dir='ltr'>per</span> <span class='ocrx_word' id='word_1_173' title='bbox 498 2182 710 2242; x_wconf 87' lang='lat' dir='ltr'>ascensionem</span> <span class='ocrx_word' id='word_1_174' title='bbox 733 2181 976 2259; x_wconf 81' lang='lat' dir='ltr'>progredientem</span> <span class='ocrx_word' id='word_1_175' title='bbox 999 2183 1029 2238; x_wconf 92' lang='lat' dir='ltr'>in</span> <span class='ocrx_word' id='word_1_176' title='bbox 1054 2180 1145 2240; x_wconf 89' lang='lat' dir='ltr'>deum</span> 
     </span>
     <span class='ocr_line' id='line_1_24' title="bbox 27 2267 1144 2329; baseline -0.003 -1"><span class='ocrx_word' id='word_1_177' title='bbox 27 2268 202 2328; x_wconf 91' lang='lat' dir='ltr'>unitionem</span> <span class='ocrx_word' id='word_1_178' title='bbox 230 2268 420 2328; x_wconf 91' lang='lat' dir='ltr'>determinat.</span> <span class='ocrx_word' id='word_1_179' title='bbox 483 2267 596 2328; x_wconf 85' lang='lat' dir='ltr'>idcirco</span> <span class='ocrx_word' id='word_1_180' title='bbox 626 2268 765 2329; x_wconf 88' lang='lat' dir='ltr'>videlicet</span> <span class='ocrx_word' id='word_1_181' title='bbox 797 2268 889 2327; x_wconf 92' lang='lat' dir='ltr'>bomo</span> <span class='ocrx_word' id='word_1_182' title='bbox 922 2269 952 2327; x_wconf 93' lang='lat' dir='ltr'>in</span> <span class='ocrx_word' id='word_1_183' title='bbox 988 2272 1144 2327; x_wconf 90' lang='lat' dir='ltr'>creaturas</span> 
     </span>
     <span class='ocr_line' id='line_1_25' title="bbox 27 2353 1146 2439; baseline -0.004 -23"><span class='ocrx_word' id='word_1_184' title='bbox 27 2353 159 2439; x_wconf 81' lang='lat' dir='ltr'>ultimus</span> <span class='ocrx_word' id='word_1_185' title='bbox 180 2354 322 2428; x_wconf 87' lang='lat' dir='ltr'>infertur,</span> <span class='ocrx_word' id='word_1_186' title='bbox 357 2358 503 2429; x_wconf 90' lang='lat' dir='ltr'>tanquam</span> <span class='ocrx_word' id='word_1_187' title='bbox 526 2354 676 2414; x_wconf 89' lang='lat' dir='ltr'>naturalis</span> <span class='ocrx_word' id='word_1_188' title='bbox 698 2354 850 2429; x_wconf 88' lang='lat' dir='ltr'>quaedam</span> <span class='ocrx_word' id='word_1_189' title='bbox 873 2353 1069 2430; x_wconf 82' lang='lat' dir='ltr'>generalibus</span> <span class='ocrx_word' id='word_1_190' title='bbox 1092 2369 1146 2428; x_wconf 91' lang='lat' dir='ltr'>per</span> 
     </span>
     <span class='ocr_line' id='line_1_26' title="bbox 28 2438 1146 2518; baseline -0.003 -17"><span class='ocrx_word' id='word_1_191' title='bbox 28 2446 139 2518; x_wconf 84' lang='lat' dir='ltr'>partes</span> <span class='ocrx_word' id='word_1_192' title='bbox 157 2456 232 2500; x_wconf 91' lang='lat' dir='ltr'>suas</span> <span class='ocrx_word' id='word_1_193' title='bbox 256 2441 496 2501; x_wconf 87' lang='lat' dir='ltr'>extremitatibus</span> <span class='ocrx_word' id='word_1_194' title='bbox 518 2441 644 2516; x_wconf 88' lang='lat' dir='ltr'>copula,</span> <span class='ocrx_word' id='word_1_195' title='bbox 676 2446 768 2515; x_wconf 89' lang='lat' dir='ltr'>atque</span> <span class='ocrx_word' id='word_1_196' title='bbox 788 2443 819 2501; x_wconf 91' lang='lat' dir='ltr'>in</span> <span class='ocrx_word' id='word_1_197' title='bbox 842 2442 1008 2516; x_wconf 92' lang='lat' dir='ltr'>semetipso</span> <span class='ocrx_word' id='word_1_198' title='bbox 1032 2438 1146 2499; x_wconf 93' lang='lat' dir='ltr'>coadu-</span> 
     </span>
     <span class='ocr_line' id='line_1_27' title="bbox 29 2526 1147 2602; baseline -0.001 -16"><span class='ocrx_word' id='word_1_199' title='bbox 29 2541 114 2586; x_wconf 85' lang='lat' dir='ltr'>nans</span> <span class='ocrx_word' id='word_1_200' title='bbox 138 2541 176 2586; x_wconf 91' lang='lat' dir='ltr'>ea</span> <span class='ocrx_word' id='word_1_201' title='bbox 198 2541 277 2602; x_wconf 89' lang='lat' dir='ltr'>quae</span> <span class='ocrx_word' id='word_1_202' title='bbox 299 2526 477 2587; x_wconf 90' lang='lat' dir='ltr'>naturaliter</span> <span class='ocrx_word' id='word_1_203' title='bbox 497 2527 627 2588; x_wconf 90' lang='lat' dir='ltr'>multum</span> <span class='ocrx_word' id='word_1_204' title='bbox 649 2528 730 2587; x_wconf 88' lang='lat' dir='ltr'>inter</span> <span class='ocrx_word' id='word_1_205' title='bbox 752 2543 786 2586; x_wconf 92' lang='lat' dir='ltr'>se</span> <span class='ocrx_word' id='word_1_206' title='bbox 808 2526 937 2599; x_wconf 90' lang='lat' dir='ltr'>distant,</span> <span class='ocrx_word' id='word_1_207' title='bbox 971 2530 1007 2586; x_wconf 91' lang='lat' dir='ltr'>ut</span> <span class='ocrx_word' id='word_1_208' title='bbox 1035 2526 1147 2585; x_wconf 90' lang='lat' dir='ltr'>unitio-</span> 
     </span>
     <span class='ocr_line' id='line_1_28' title="bbox 28 2612 1150 2692; baseline -0.003 -19"><span class='ocrx_word' id='word_1_209' title='bbox 28 2614 81 2673; x_wconf 88' lang='lat' dir='ltr'>nis</span> <span class='ocrx_word' id='word_1_210' title='bbox 105 2627 176 2673; x_wconf 90' lang='lat' dir='ltr'>cum</span> <span class='ocrx_word' id='word_1_211' title='bbox 199 2612 273 2689; x_wconf 81' lang='lat' dir='ltr'>deo,</span> <span class='ocrx_word' id='word_1_212' title='bbox 302 2619 449 2689; x_wconf 90' lang='lat' dir='ltr'>tanquam</span> <span class='ocrx_word' id='word_1_213' title='bbox 472 2629 582 2687; x_wconf 90' lang='lat' dir='ltr'>causa,</span> <span class='ocrx_word' id='word_1_214' title='bbox 612 2630 635 2673; x_wconf 92' lang='lat' dir='ltr'>u</span> <span class='ocrx_word' id='word_1_215' title='bbox 658 2615 664 2628; x_wconf 87' lang='lat'>&#39;</span> <span class='ocrx_word' id='word_1_216' title='bbox 688 2630 759 2673; x_wconf 89' lang='lat' dir='ltr'>ersa</span> <span class='ocrx_word' id='word_1_217' title='bbox 781 2615 935 2692; x_wconf 84' lang='lat' dir='ltr'>cogentis,</span> <span class='ocrx_word' id='word_1_218' title='bbox 965 2612 1004 2672; x_wconf 90' lang='lat' dir='ltr'>de</span> <span class='ocrx_word' id='word_1_219' title='bbox 1026 2612 1150 2687; x_wconf 87' lang='lat' dir='ltr'>propriu</span> 
     </span>
     <span class='ocr_line' id='line_1_29' title="bbox 28 2628 1148 2776; baseline -0.003 -16"><span class='ocrx_word' id='word_1_220' title='bbox 28 2699 230 2760; x_wconf 75' lang='lat' dir='ltr'>distludmne</span> <span class='ocrx_word' id='word_1_221' title='bbox 258 2705 348 2775; x_wconf 89' lang='lat' dir='ltr'>capto</span> <span class='ocrx_word' id='word_1_222' title='bbox 377 2701 479 2769; x_wconf 90' lang='lat' dir='ltr'>initio,</span> <span class='ocrx_word' id='word_1_223' title='bbox 512 2628 767 2776; x_wconf 46' lang='lat' dir='ltr'>deincepwserie</span> <span class='ocrx_word' id='word_1_224' title='bbox 787 2706 818 2760; x_wconf 89' lang='lat' dir='ltr'>et</span> <span class='ocrx_word' id='word_1_225' title='bbox 840 2699 946 2760; x_wconf 90' lang='lat' dir='ltr'>ordine</span> <span class='ocrx_word' id='word_1_226' title='bbox 969 2697 1148 2775; x_wconf 92' lang='lat' dir='ltr'>permedia</span> 
     </span>
     <span class='ocr_line' id='line_1_30' title="bbox 28 2785 1147 2863; baseline -0.003 -18"><span class='ocrx_word' id='word_1_227' title='bbox 28 2800 220 2863; x_wconf 83' lang='lat' dir='ltr'>progressus</span> <span class='ocrx_word' id='word_1_228' title='bbox 248 2785 340 2847; x_wconf 88' lang='lat' dir='ltr'>linem</span> <span class='ocrx_word' id='word_1_229' title='bbox 368 2786 560 2846; x_wconf 91' lang='lat' dir='ltr'>ascensionis</span> <span class='ocrx_word' id='word_1_230' title='bbox 582 2788 613 2845; x_wconf 93' lang='lat' dir='ltr'>in</span> <span class='ocrx_word' id='word_1_231' title='bbox 636 2787 866 2859; x_wconf 84' lang='lat' dir='ltr'>sublimitatem,</span> <span class='ocrx_word' id='word_1_232' title='bbox 903 2800 981 2861; x_wconf 90' lang='lat' dir='ltr'>quae</span> <span class='ocrx_word' id='word_1_233' title='bbox 1004 2785 1147 2846; x_wconf 87' lang='lat' dir='ltr'>unitionis</span> 
     </span>
     <span class='ocr_line' id='line_1_31' title="bbox 17 2855 1148 2952; baseline 0 -21"><span class='ocrx_word' id='word_1_234' title='bbox 17 2872 136 2952; x_wconf 66' lang='lat' dir='ltr'>gratia</span> <span class='ocrx_word' id='word_1_235' title='bbox 164 2871 197 2930; x_wconf 88' lang='lat' dir='ltr'>iit</span> <span class='ocrx_word' id='word_1_236' title='bbox 225 2887 280 2947; x_wconf 92' lang='lat' dir='ltr'>per</span> <span class='ocrx_word' id='word_1_237' title='bbox 307 2873 468 2948; x_wconf 80' lang='lat' dir='ltr'>universa,</span> <span class='ocrx_word' id='word_1_238' title='bbox 503 2873 637 2934; x_wconf 88' lang='lat' dir='ltr'>inveniat</span> <span class='ocrx_word' id='word_1_239' title='bbox 667 2874 696 2933; x_wconf 91' lang='lat' dir='ltr'>in</span> <span class='ocrx_word' id='word_1_240' title='bbox 727 2872 801 2948; x_wconf 85' lang='lat' dir='ltr'>deo,</span> <span class='ocrx_word' id='word_1_241' title='bbox 834 2875 864 2930; x_wconf 92' lang='lat' dir='ltr'>in</span> <span class='ocrx_word' id='word_1_242' title='bbox 897 2889 957 2947; x_wconf 88' lang='lat' dir='ltr'>quo</span> <span class='ocrx_word' id='word_1_243' title='bbox 987 2855 1071 2932; x_wconf 79' lang='lat' dir='ltr'>nulla</span> <span class='ocrx_word' id='word_1_244' title='bbox 1100 2876 1148 2931; x_wconf 91' lang='lat' dir='ltr'>est</span> 
     </span>
     <span class='ocr_line' id='line_1_32' title="bbox 30 2957 1147 3034; baseline -0.001 -17"><span class='ocrx_word' id='word_1_245' title='bbox 30 2957 204 3029; x_wconf 85' lang='lat' dir='ltr'>distinctio,</span> <span class='ocrx_word' id='word_1_246' title='bbox 237 2957 310 3019; x_wconf 89' lang='lat' dir='ltr'>dum</span> <span class='ocrx_word' id='word_1_247' title='bbox 339 2958 496 3020; x_wconf 90' lang='lat' dir='ltr'>sexualem</span> <span class='ocrx_word' id='word_1_248' title='bbox 526 2958 661 3018; x_wconf 81' lang='lat' dir='ltr'>feminini</span> <span class='ocrx_word' id='word_1_249' title='bbox 684 2965 714 3019; x_wconf 92' lang='lat' dir='ltr'>et</span> <span class='ocrx_word' id='word_1_250' title='bbox 736 2958 897 3019; x_wconf 91' lang='lat' dir='ltr'>masculini</span> <span class='ocrx_word' id='word_1_251' title='bbox 919 2959 1147 3034; x_wconf 89' lang='lat' dir='ltr'>proprietatem,</span> 
     </span>
     <span class='ocr_line' id='line_1_33' title="bbox 31 3045 1148 3120; baseline -0.004 -16"><span class='ocrx_word' id='word_1_252' title='bbox 31 3057 117 3120; x_wconf 85' lang='lat' dir='ltr'>quse</span> <span class='ocrx_word' id='word_1_253' title='bbox 145 3060 184 3104; x_wconf 91' lang='lat' dir='ltr'>ex</span> <span class='ocrx_word' id='word_1_254' title='bbox 213 3045 369 3120; x_wconf 87' lang='lat' dir='ltr'>principali</span> <span class='ocrx_word' id='word_1_255' title='bbox 399 3061 437 3105; x_wconf 92' lang='lat' dir='ltr'>ac</span> <span class='ocrx_word' id='word_1_256' title='bbox 459 3047 611 3120; x_wconf 84' lang='lat' dir='ltr'>primitiva</span> <span class='ocrx_word' id='word_1_257' title='bbox 632 3047 750 3106; x_wconf 85' lang='lat' dir='ltr'>ratione</span> <span class='ocrx_word' id='word_1_258' title='bbox 772 3059 968 3119; x_wconf 87' lang='lat' dir='ltr'>nequaquam</span> <span class='ocrx_word' id='word_1_259' title='bbox 993 3057 1148 3118; x_wconf 89' lang='lat' dir='ltr'>suspensa</span> 
     </span>
     <span class='ocr_line' id='line_1_34' title="bbox 18 3129 1148 3210; baseline -0.004 -20"><span class='ocrx_word' id='word_1_260' title='bbox 18 3133 84 3190; x_wconf 82' lang='lat' dir='ltr'>cst</span> <span class='ocrx_word' id='word_1_261' title='bbox 105 3144 125 3189; x_wconf 87' lang='lat' dir='ltr'>a</span> <span class='ocrx_word' id='word_1_262' title='bbox 146 3129 196 3190; x_wconf 90' lang='lat' dir='ltr'>dei</span> <span class='ocrx_word' id='word_1_263' title='bbox 218 3131 300 3191; x_wconf 90' lang='lat' dir='ltr'>circa</span> <span class='ocrx_word' id='word_1_264' title='bbox 322 3132 552 3210; x_wconf 84' lang='lat' dir='ltr'>generationem</span> <span class='ocrx_word' id='word_1_265' title='bbox 575 3129 708 3191; x_wconf 91' lang='lat' dir='ltr'>hominis</span> <span class='ocrx_word' id='word_1_266' title='bbox 732 3131 903 3207; x_wconf 89' lang='lat' dir='ltr'>proposito,</span> <span class='ocrx_word' id='word_1_267' title='bbox 938 3129 1044 3189; x_wconf 92' lang='lat' dir='ltr'>habitu</span> <span class='ocrx_word' id='word_1_268' title='bbox 1067 3129 1148 3187; x_wconf 89' lang='lat' dir='ltr'>circa</span> 
     </span>
     <span class='ocr_line' id='line_1_35' title="bbox 31 3214 1147 3295; baseline -0.006 -17"><span class='ocrx_word' id='word_1_269' title='bbox 31 3215 171 3278; x_wconf 85' lang='lat' dir='ltr'>divinam</span> <span class='ocrx_word' id='word_1_270' title='bbox 199 3217 340 3278; x_wconf 89' lang='lat' dir='ltr'>virtutem</span> <span class='ocrx_word' id='word_1_271' title='bbox 369 3218 462 3295; x_wconf 92' lang='lat' dir='ltr'>plane</span> <span class='ocrx_word' id='word_1_272' title='bbox 492 3218 650 3293; x_wconf 87' lang='lat' dir='ltr'>impatibili</span> <span class='ocrx_word' id='word_1_273' title='bbox 682 3217 794 3292; x_wconf 93' lang='lat' dir='ltr'>ubique</span> <span class='ocrx_word' id='word_1_274' title='bbox 827 3221 856 3276; x_wconf 88' lang='lat' dir='ltr'>et</span> <span class='ocrx_word' id='word_1_275' title='bbox 884 3219 995 3275; x_wconf 91' lang='lat' dir='ltr'>natura</span> <span class='ocrx_word' id='word_1_276' title='bbox 1024 3214 1147 3284; x_wconf 88' lang='lat' dir='ltr'>excutit,</span> 
     </span>
     <span class='ocr_line' id='line_1_36' title="bbox 31 3299 1148 3380; baseline -0.005 -16"><span class='ocrx_word' id='word_1_277' title='bbox 31 3302 113 3364; x_wconf 83' lang='lat' dir='ltr'>adeo</span> <span class='ocrx_word' id='word_1_278' title='bbox 142 3306 178 3363; x_wconf 88' lang='lat' dir='ltr'>ut</span> <span class='ocrx_word' id='word_1_279' title='bbox 204 3304 375 3366; x_wconf 91' lang='lat' dir='ltr'>secundum</span> <span class='ocrx_word' id='word_1_280' title='bbox 403 3303 537 3364; x_wconf 90' lang='lat' dir='ltr'>divinum</span> <span class='ocrx_word' id='word_1_281' title='bbox 566 3305 755 3380; x_wconf 90' lang='lat' dir='ltr'>propositum</span> <span class='ocrx_word' id='word_1_282' title='bbox 778 3304 870 3363; x_wconf 91' lang='lat' dir='ltr'>homo</span> <span class='ocrx_word' id='word_1_283' title='bbox 894 3301 978 3361; x_wconf 93' lang='lat' dir='ltr'>solus</span> <span class='ocrx_word' id='word_1_284' title='bbox 1002 3299 1148 3360; x_wconf 88' lang='lat' dir='ltr'>ostenda-</span> 
     </span>
     <span class='ocr_line' id='line_1_37' title="bbox 30 3387 1147 3466; baseline -0.006 -15"><span class='ocrx_word' id='word_1_285' title='bbox 30 3394 143 3451; x_wconf 87' lang='lat' dir='ltr'>turae</span> <span class='ocrx_word' id='word_1_286' title='bbox 164 3387 231 3461; x_wconf 86' lang='lat' dir='ltr'>liat,</span> <span class='ocrx_word' id='word_1_287' title='bbox 261 3390 397 3451; x_wconf 87' lang='lat' dir='ltr'>feminini</span> <span class='ocrx_word' id='word_1_288' title='bbox 425 3395 456 3450; x_wconf 90' lang='lat' dir='ltr'>et</span> <span class='ocrx_word' id='word_1_289' title='bbox 477 3391 641 3450; x_wconf 91' lang='lat' dir='ltr'>masculini</span> <span class='ocrx_word' id='word_1_290' title='bbox 664 3390 868 3466; x_wconf 89' lang='lat' dir='ltr'>appellatione</span> <span class='ocrx_word' id='word_1_291' title='bbox 890 3403 952 3447; x_wconf 92' lang='lat' dir='ltr'>non</span> <span class='ocrx_word' id='word_1_292' title='bbox 975 3387 1147 3459; x_wconf 89' lang='lat' dir='ltr'>distinctus,</span> 
     </span>
     <span class='ocr_line' id='line_1_38' title="bbox 30 3471 1148 3552; baseline -0.008 -13"><span class='ocrx_word' id='word_1_293' title='bbox 30 3491 98 3539; x_wconf 84' lang='lat' dir='ltr'>uon</span> <span class='ocrx_word' id='word_1_294' title='bbox 127 3475 227 3551; x_wconf 78' lang='lat' dir='ltr'>magis</span> <span class='ocrx_word' id='word_1_295' title='bbox 248 3477 463 3552; x_wconf 89' lang='lat' dir='ltr'>praesentibus</span> <span class='ocrx_word' id='word_1_296' title='bbox 486 3477 566 3537; x_wconf 91' lang='lat' dir='ltr'>circa</span> <span class='ocrx_word' id='word_1_297' title='bbox 588 3492 659 3537; x_wconf 91' lang='lat' dir='ltr'>eum</span> <span class='ocrx_word' id='word_1_298' title='bbox 681 3477 870 3537; x_wconf 89' lang='lat' dir='ltr'>sectionibus</span> <span class='ocrx_word' id='word_1_299' title='bbox 891 3475 923 3532; x_wconf 92' lang='lat' dir='ltr'>in</span> <span class='ocrx_word' id='word_1_300' title='bbox 945 3479 1049 3549; x_wconf 90' lang='lat' dir='ltr'>partes</span> <span class='ocrx_word' id='word_1_301' title='bbox 1072 3471 1148 3533; x_wconf 87' lang='lat' dir='ltr'>divi-</span> 
     </span>
     <span class='ocr_line' id='line_1_39' title="bbox 31 3559 1148 3642; baseline -0.007 -18"><span class='ocrx_word' id='word_1_302' title='bbox 31 3577 92 3624; x_wconf 83' lang='lat' dir='ltr'>sus</span> <span class='ocrx_word' id='word_1_303' title='bbox 122 3574 215 3635; x_wconf 90' lang='lat' dir='ltr'>quam</span> <span class='ocrx_word' id='word_1_304' title='bbox 245 3576 307 3637; x_wconf 91' lang='lat' dir='ltr'>qua</span> <span class='ocrx_word' id='word_1_305' title='bbox 329 3568 377 3624; x_wconf 89' lang='lat' dir='ltr'>est</span> <span class='ocrx_word' id='word_1_306' title='bbox 399 3568 493 3623; x_wconf 90' lang='lat' dir='ltr'>antea</span> <span class='ocrx_word' id='word_1_307' title='bbox 514 3564 649 3642; x_wconf 89' lang='lat' dir='ltr'>ratione,</span> <span class='ocrx_word' id='word_1_308' title='bbox 680 3568 802 3638; x_wconf 92' lang='lat' dir='ltr'>propter</span> <span class='ocrx_word' id='word_1_309' title='bbox 824 3559 990 3637; x_wconf 83' lang='lat' dir='ltr'>perlectam</span> <span class='ocrx_word' id='word_1_310' title='bbox 1014 3559 1052 3620; x_wconf 93' lang='lat' dir='ltr'>ad</span> <span class='ocrx_word' id='word_1_311' title='bbox 1076 3573 1148 3633; x_wconf 93' lang='lat' dir='ltr'>pro-</span> 
     </span>
     <span class='ocr_line' id='line_1_40' title="bbox 30 3647 1147 3726; baseline -0.007 -17"><span class='ocrx_word' id='word_1_312' title='bbox 30 3647 150 3726; x_wconf 89' lang='lat' dir='ltr'>priam,</span> <span class='ocrx_word' id='word_1_313' title='bbox 168 3648 224 3707; x_wconf 81' lang='lat' dir='ltr'>:uu</span> <span class='ocrx_word' id='word_1_314' title='bbox 251 3647 330 3725; x_wconf 86' lang='lat' dir='ltr'>dixi,</span> <span class='ocrx_word' id='word_1_315' title='bbox 361 3649 509 3710; x_wconf 90' lang='lat' dir='ltr'>rationem</span> <span class='ocrx_word' id='word_1_316' title='bbox 539 3648 707 3709; x_wconf 91' lang='lat' dir='ltr'>secundum</span> <span class='ocrx_word' id='word_1_317' title='bbox 737 3663 828 3722; x_wconf 91' lang='lat' dir='ltr'>quam</span> <span class='ocrx_word' id='word_1_318' title='bbox 857 3651 905 3706; x_wconf 90' lang='lat' dir='ltr'>est</span> <span class='ocrx_word' id='word_1_319' title='bbox 927 3647 1147 3724; x_wconf 82' lang='lat' dir='ltr'>cognitionem:</span> 
     </span>
     <span class='ocr_line' id='line_1_41' title="bbox 30 3731 1147 3808; baseline -0.009 -12"><span class='ocrx_word' id='word_1_320' title='bbox 30 3731 149 3796; x_wconf 87' lang='lat' dir='ltr'>deiude</span> <span class='ocrx_word' id='word_1_321' title='bbox 180 3734 357 3808; x_wconf 85' lang='lat' dir='ltr'>paradisum</span> <span class='ocrx_word' id='word_1_322' title='bbox 392 3752 460 3796; x_wconf 91' lang='lat' dir='ltr'>cum</span> <span class='ocrx_word' id='word_1_323' title='bbox 494 3739 594 3796; x_wconf 91' lang='lat' dir='ltr'>terrae</span> <span class='ocrx_word' id='word_1_324' title='bbox 626 3733 799 3793; x_wconf 90' lang='lat' dir='ltr'>habitabilis</span> <span class='ocrx_word' id='word_1_325' title='bbox 832 3733 905 3792; x_wconf 91' lang='lat' dir='ltr'>orbe</span> <span class='ocrx_word' id='word_1_326' title='bbox 939 3749 994 3807; x_wconf 92' lang='lat' dir='ltr'>per</span> <span class='ocrx_word' id='word_1_327' title='bbox 1030 3733 1147 3790; x_wconf 90' lang='lat' dir='ltr'>castam</span> 
     </span>
     <span class='ocr_line' id='line_1_42' title="bbox 31 3814 1149 3899; baseline -0.007 -17"><span class='ocrx_word' id='word_1_328' title='bbox 31 3819 301 3882; x_wconf 86' lang='lat' dir='ltr'>conversationem</span> <span class='ocrx_word' id='word_1_329' title='bbox 322 3822 441 3881; x_wconf 90' lang='lat' dir='ltr'>unitum</span> <span class='ocrx_word' id='word_1_330' title='bbox 463 3837 557 3881; x_wconf 92' lang='lat' dir='ltr'>unam</span> <span class='ocrx_word' id='word_1_331' title='bbox 580 3827 690 3899; x_wconf 90' lang='lat' dir='ltr'>terram</span> <span class='ocrx_word' id='word_1_332' title='bbox 714 3819 841 3891; x_wconf 86' lang='lat' dir='ltr'>efficiat,</span> <span class='ocrx_word' id='word_1_333' title='bbox 877 3832 955 3893; x_wconf 91' lang='lat' dir='ltr'>quae</span> <span class='ocrx_word' id='word_1_334' title='bbox 978 3814 1149 3877; x_wconf 90' lang='lat' dir='ltr'>secundum</span> 
     </span>
     <span class='ocr_line' id='line_1_43' title="bbox 32 3901 1148 3984; baseline -0.004 -19"><span class='ocrx_word' id='word_1_335' title='bbox 32 3905 170 3984; x_wconf 86' lang='lat' dir='ltr'>portium</span> <span class='ocrx_word' id='word_1_336' title='bbox 200 3906 267 3967; x_wconf 89' lang='lat' dir='ltr'>eius</span> <span class='ocrx_word' id='word_1_337' title='bbox 296 3906 503 3969; x_wconf 87' lang='lat' dir='ltr'>diversitatem</span> <span class='ocrx_word' id='word_1_338' title='bbox 532 3907 590 3965; x_wconf 91' lang='lat' dir='ltr'>sibi</span> <span class='ocrx_word' id='word_1_339' title='bbox 619 3921 680 3965; x_wconf 94' lang='lat' dir='ltr'>non</span> <span class='ocrx_word' id='word_1_340' title='bbox 710 3907 750 3965; x_wconf 92' lang='lat' dir='ltr'>sit</span> <span class='ocrx_word' id='word_1_341' title='bbox 779 3904 937 3978; x_wconf 89' lang='lat' dir='ltr'>distincta,</span> <span class='ocrx_word' id='word_1_342' title='bbox 968 3902 1023 3963; x_wconf 92' lang='lat' dir='ltr'>sed</span> <span class='ocrx_word' id='word_1_343' title='bbox 1046 3901 1148 3978; x_wconf 90' lang='lat' dir='ltr'>potius</span> 
     </span>
     <span class='ocr_line' id='line_1_44' title="bbox 32 3984 1232 4071; baseline -0.013 -17"><span class='ocrx_word' id='word_1_344' title='bbox 32 3995 241 4070; x_wconf 74' lang='lat' dir='ltr'>congregata,</span> <span class='ocrx_word' id='word_1_345' title='bbox 270 3998 305 4053; x_wconf 92' lang='lat' dir='ltr'>ut</span> <span class='ocrx_word' id='word_1_346' title='bbox 334 3995 385 4070; x_wconf 92' lang='lat' dir='ltr'>qui</span> <span class='ocrx_word' id='word_1_347' title='bbox 416 3993 458 4053; x_wconf 91' lang='lat' dir='ltr'>ad</span> <span class='ocrx_word' id='word_1_348' title='bbox 478 3992 595 4052; x_wconf 90' lang='lat' dir='ltr'>nullam</span> <span class='ocrx_word' id='word_1_349' title='bbox 619 3993 685 4052; x_wconf 91' lang='lat' dir='ltr'>eius</span> <span class='ocrx_word' id='word_1_350' title='bbox 708 3992 838 4066; x_wconf 89' lang='lat' dir='ltr'>partium</span> <span class='ocrx_word' id='word_1_351' title='bbox 860 3984 993 4071; x_wconf 85' lang='lat' dir='ltr'>patiatur</span> <span class='ocrx_word' id='word_1_352' title='bbox 1015 3987 1149 4063; x_wconf 91' lang='lat' dir='ltr'>aliquam</span> <span class='ocrx_word' id='word_1_353' title='bbox 1229 4032 1232 4039; x_wconf 89' lang='lat'>.</span> 
     </span>
     <span class='ocr_line' id='line_1_45' title="bbox 32 4074 1150 4150; baseline -0.008 -10"><span class='ocrx_word' id='word_1_354' title='bbox 32 4076 287 4140; x_wconf 83' lang='lat' dir='ltr'>subductionem:</span> <span class='ocrx_word' id='word_1_355' title='bbox 321 4078 432 4138; x_wconf 92' lang='lat' dir='ltr'>deinde</span> <span class='ocrx_word' id='word_1_356' title='bbox 462 4078 580 4138; x_wconf 92' lang='lat' dir='ltr'>caelum</span> <span class='ocrx_word' id='word_1_357' title='bbox 610 4082 641 4137; x_wconf 93' lang='lat' dir='ltr'>et</span> <span class='ocrx_word' id='word_1_358' title='bbox 663 4082 772 4137; x_wconf 90' lang='lat' dir='ltr'>terram</span> <span class='ocrx_word' id='word_1_359' title='bbox 792 4076 972 4137; x_wconf 90' lang='lat' dir='ltr'>coadunans</span> <span class='ocrx_word' id='word_1_360' title='bbox 995 4089 1049 4150; x_wconf 90' lang='lat' dir='ltr'>per</span> <span class='ocrx_word' id='word_1_361' title='bbox 1070 4074 1150 4133; x_wconf 86' lang='lat' dir='ltr'>vitae</span> 
     </span>
     <span class='ocr_line' id='line_1_46' title="bbox 31 4159 1150 4247; baseline -0.01 -19"><span class='ocrx_word' id='word_1_362' title='bbox 31 4180 117 4247; x_wconf 74' lang='lat' dir='ltr'>curru=</span> <span class='ocrx_word' id='word_1_363' title='bbox 139 4164 260 4241; x_wconf 74' lang='lat' dir='ltr'>augelis</span> <span class='ocrx_word' id='word_1_364' title='bbox 290 4165 517 4225; x_wconf 90' lang='lat' dir='ltr'>similitudinem</span> <span class='ocrx_word' id='word_1_365' title='bbox 541 4164 624 4223; x_wconf 94' lang='lat' dir='ltr'>omni</span> <span class='ocrx_word' id='word_1_366' title='bbox 645 4162 736 4224; x_wconf 94' lang='lat' dir='ltr'>modo</span> <span class='ocrx_word' id='word_1_367' title='bbox 756 4161 796 4222; x_wconf 91' lang='lat' dir='ltr'>de</span> <span class='ocrx_word' id='word_1_368' title='bbox 817 4163 943 4238; x_wconf 90' lang='lat' dir='ltr'>virtute,</span> <span class='ocrx_word' id='word_1_369' title='bbox 975 4176 1030 4237; x_wconf 88' lang='lat' dir='ltr'>pro</span> <span class='ocrx_word' id='word_1_370' title='bbox 1051 4159 1150 4219; x_wconf 92' lang='lat' dir='ltr'>homi-</span> 
     </span>
     <span class='ocr_line' id='line_1_47' title="bbox 23 4248 1150 4327; baseline -0.007 -15"><span class='ocrx_word' id='word_1_371' title='bbox 23 4266 110 4312; x_wconf 90' lang='lat' dir='ltr'>num</span> <span class='ocrx_word' id='word_1_372' title='bbox 140 4250 272 4326; x_wconf 88' lang='lat' dir='ltr'>viribus,</span> <span class='ocrx_word' id='word_1_373' title='bbox 304 4255 422 4327; x_wconf 91' lang='lat' dir='ltr'>partam</span> <span class='ocrx_word' id='word_1_374' title='bbox 451 4249 626 4311; x_wconf 88' lang='lat' dir='ltr'>sensibilem</span> <span class='ocrx_word' id='word_1_375' title='bbox 657 4248 860 4309; x_wconf 87' lang='lat' dir='ltr'>conditionem</span> <span class='ocrx_word' id='word_1_376' title='bbox 888 4264 984 4309; x_wconf 88' lang='lat' dir='ltr'>unam</span> <span class='ocrx_word' id='word_1_377' title='bbox 1007 4249 1038 4306; x_wconf 89' lang='lat' dir='ltr'>et</span> <span class='ocrx_word' id='word_1_378' title='bbox 1059 4261 1079 4307; x_wconf 90' lang='lat' dir='ltr'>a</span> <span class='ocrx_word' id='word_1_379' title='bbox 1101 4259 1150 4304; x_wconf 87' lang='lat' dir='ltr'>se-</span> 
     </span>
    </p>
   </div>
   <div class='ocr_carea' id='block_1_5' title="bbox 904 4335 944 4398">
    <p class='ocr_par' dir='ltr' id='par_1_5' title="bbox 904 4335 944 4398">
     <span class='ocr_line' id='line_1_48' title="bbox 904 4335 944 4398; baseline 0.075 -3"><span class='ocrx_word' id='word_1_380' title='bbox 904 4335 944 4398; x_wconf 82' lang='lat' dir='ltr'>te</span> 
     </span>
    </p>
   </div>
   <div class='ocr_carea' id='block_1_6' title="bbox 0 0 1385 4778">
    <p class='ocr_par' dir='ltr' id='par_1_6' title="bbox 0 0 1385 4778">
     <span class='ocr_line' id='line_1_49' title="bbox 0 0 1385 4778; baseline 0 0"><span class='ocrx_word' id='word_1_381' title='bbox 0 0 1385 4778; x_wconf 95' lang='lat' dir='ltr'> </span> 
     </span>
    </p>
   </div>
  </div>
 </body>
</html>
