2752 4778
1181 183 1255 259 Μ

144 369 209 425 stat
227 363 379 437 muudus,
403 381 441 424 eo
461 372 492 426 ut
512 365 656 425 mundum
675 366 882 442 temporaliter
903 367 933 425 iu
957 368 1045 427 nobis
1066 369 1256 431 intellectua-

142 450 222 524 lem,
252 457 283 509 et
305 466 374 511 eum
398 453 426 510 in
451 466 511 524 quo
535 468 706 525 versemur,
739 453 873 512 veritatis
897 469 997 512 sermo
1021 455 1254 532 circumscribat,

144 551 183 598 ac
202 536 259 597 sibi
278 537 408 607 invicem
428 538 547 608 unitos,
571 537 624 596 sed
646 554 706 597 non
727 540 924 612 commixtos,
948 539 1103 611 conferat,
1125 547 1155 601 et
1173 542 1256 613 haud

120 621 349 700 'disiuugeudo
372 638 480 684 rursus
503 626 581 702 inter
603 641 638 683 se
659 625 809 699 disparet,
836 624 1056 686 elementorum
1078 629 1164 702 ipsos
1184 645 1256 688 con-

144 709 336 775 stituentium
364 709 622 769 similitudinibus.
680 708 767 783 Quod
791 711 886 786 enirn,
919 718 951 772 ut
979 712 1120 786 tradunt,
1150 714 1257 775 aether

143 800 208 863 est,
237 796 302 855 sire
332 797 456 872 igneum
478 797 509 854 in
533 796 669 856 sensibili
692 796 806 857 mundo
829 796 1030 871 elementum,
1061 799 1092 858 id
1115 801 1145 858 in
1168 801 1256 860 intel·

142 879 244 950 lectus
265 881 325 941 hoc
346 881 460 942 mundo
483 882 645 957 prudentia
668 888 731 955 est,
753 887 862 957 utpote
883 883 1005 943 habitus
1027 883 1203 945 illuminans
1226 892 1256 947 et

121 967 297 1029 redonum
318 969 440 1046 proprie
463 968 681 1042 spiritualium,
706 984 785 1042 quae
808 969 938 1046 siugulis
961 971 1132 1045 quibusque
1149 988 1255 1033 eorum

135 1066 226 1128 quae
254 1059 328 1115 sunt
348 1055 530 1114 inhaereant
550 1055 663 1130 index,
696 1055 748 1128 qui
770 1071 897 1116 causam
919 1072 1021 1115 rerum
1042 1059 1255 1118 universarum

141 1144 229 1203 certo
252 1155 307 1215 per
331 1141 416 1216 ipsas
439 1140 644 1213 demonstrat,
677 1156 713 1200 ac
737 1143 848 1201 mentis
872 1143 952 1202 circa
974 1142 1109 1202 divinum
1134 1143 1256 1204 deside-

142 1226 223 1287 rium
246 1225 372 1287 attrahit
395 1232 424 1287 et
445 1227 542 1287 ducit:
571 1231 603 1286 et
624 1227 707 1302 quod
729 1227 758 1285 in
783 1227 921 1287 sensibili
942 1229 1056 1288 mundo
1080 1245 1146 1303 aer,
1170 1230 1201 1290 id
1223 1232 1254 1289 in

141 1311 344 1373 intellectuali
371 1313 486 1375 mundo
507 1313 649 1372 fortitudo
672 1318 737 1383 est,
755 1320 877 1389 -utpote
900 1312 1021 1375 habitus
1044 1331 1187 1390 movens,
1218 1333 1255 1376 ac

141 1399 237 1459 vitam
266 1399 647 1476 spiritualiter'ingenitam
670 1414 872 1470 conservens,
907 1405 937 1459 et
959 1401 1105 1471 incitans,
1136 1408 1167 1462 et
1189 1402 1254 1462 aui-

140 1500 212 1545 mae
235 1485 316 1545 circa
338 1484 430 1545 deum
452 1486 690 1554 immobilitatem
714 1485 907 1547 discindens:
945 1490 975 1546 et
997 1487 1077 1561 quod
1101 1489 1131 1547 in
1155 1489 1254 1547 sensi-

139 1570 195 1633 bili
225 1570 343 1631 mundo
370 1587 467 1646 aqua,
499 1571 530 1631 id
559 1573 588 1630 in
616 1571 812 1632 intellectuali
835 1572 948 1633 mundo
971 1578 1019 1632 est
1039 1575 1253 1649 temperantia,

138 1658 193 1733 qui
224 1655 345 1718 habitus
375 1662 423 1717 est
452 1657 553 1719 vitalis
582 1659 612 1715 in
636 1658 744 1733 spiritu
766 1657 944 1719 fecunditati
964 1659 1133 1733 factitator,
1162 1665 1255 1735 atque

137 1744 283 1804 amatorii
312 1742 352 1805 de
380 1742 532 1805 desiderio
556 1745 635 1803 circa
658 1743 747 1803 deum
770 1746 913 1818 perennis
937 1744 1042 1821 gaudii
1064 1752 1254 1821 procreator:

138 1834 172 1890 et
202 1829 285 1902 quod
314 1829 344 1888 iu
374 1829 511 1891 sensibili
539 1829 653 1891 mundo
681 1835 776 1901 terra,
807 1831 837 1889 id
866 1833 895 1889 in
917 1830 1117 1891 intellectuali
1140 1831 1255 1893 mundo

138 1915 259 1977 iustitia
291 1919 354 1984 est,
389 1917 440 1989 qui
469 1916 591 1977 habitus
622 1921 670 1975 est
700 1917 834 1975 omnium
864 1918 892 1975 in
916 1933 1017 1976 rerum
1041 1923 1152 1977 natura
1174 1933 1254 1992 quae

138 2007 217 2063 sunt
246 2002 397 2062 rationum
426 2018 480 2076 per
509 2002 636 2065 formam
659 2018 696 2060 ac
718 2004 852 2076 speciem
874 2000 1065 2076 procreator',
1095 2019 1130 2063 ac
1151 2004 1253 2063 vitalis

123 2085 317 2149 esesecundum
345 2102 477 2162 aequum
503 2088 630 2164 singulis
653 2087 826 2162 quibusque
848 2090 877 2147 in
900 2089 1007 2163 spiritu
1028 2088 1254 2149 distribuendo·

138 2190 211 2235 rum
234 2175 426 2251 assignatur,
450 2176 606 2248 nostrique
628 2191 681 2249 per
704 2174 864 2234 consilium
884 2189 920 2233 ac
935 2174 1123 2233 voluntatem
1147 2176 1176 2232 in
1199 2173 1256 2235 ho-

142 2266 237 2321 nesto
256 2258 373 2337 gratim
394 2261 589 2321 immutabilis
611 2259 769 2320 stabilitor.
819 2259 924 2334 ltaque
945 2266 1045 2320 terrae
1066 2278 1103 2320 ac
1123 2261 1256 2321 iustitiae

141 2347 296 2407 monem
325 2347 454 2422 mystice
483 2352 567 2407 tenet
589 2345 736 2406 Matthaei
766 2347 975 2424 evangelium,
1006 2351 1047 2433 ut·
1063 2346 1143 2421 quod
1166 2352 1256 2407 natu-

142 2432 241 2495 ralius
267 2433 406 2493 instituat
427 2448 616 2507 sermonem,
651 2448 751 2506 aquae
773 2448 844 2492 vero
867 2438 897 2492 et
920 2433 1139 2507 temperantiae
1161 2448 1255 2493 evan·

141 2518 261 2597 gallum
282 2514 392 2592 Marci,
424 2524 457 2578 ut
485 2518 566 2593 quod
598 2535 636 2578 ex
659 2519 808 2593 baptismo
838 2517 960 2578 loannis
990 2523 1019 2579 et
1049 2519 1255 2593 paenitentiae

137 2607 186 2665 ,ab
216 2620 254 2665 eo
281 2605 491 2681 praedicatae,
527 2621 588 2679 qua
617 2605 814 2680 temperentia
837 2609 973 2679 constat,
1004 2605 1144 2679 inchoet,
1174 2607 1254 2666 aeris

144 2702 220 2753 vero
249 2695 281 2751 et
307 2689 490 2751 fortitudinis
519 2691 711 2768 evangelium
742 2689 860 2761 Lucae,
889 2697 922 2752 ut
950 2689 1032 2766 quod
1061 2691 1192 2767 amplius
1216 2692 1256 2751 sit

142 2776 345 2853 pluribusque
367 2777 592 2843 narrationibus
619 2776 802 2848 confertum,
825 2776 959 2837 aetheris
981 2776 1113 2851 denique
1134 2783 1166 2838 et
1183 2792 1256 2854 pru-

142 2862 270 2925 dentiae
291 2862 486 2940 evaogelium
508 2861 646 2934 loannis,
668 2868 703 2922 ut
721 2862 801 2937 quod
820 2863 929 2924 ceteris
947 2864 1085 2940 superior
1102 2864 1159 2934 sit,
1182 2865 1254 2925 sim-

141 2948 316 3027 plicemque
343 2950 464 3026 mystici
493 2949 542 3010 dei
565 2949 655 3010 tidem
677 2949 862 3022 introducet,
892 2954 985 3024 atque
1008 2949 1254 3026 intellegentiam.

141 3034 284 3097 Tradunt
311 3051 385 3095 vero
413 3035 500 3097 aliter
529 3050 648 3111 quoque
678 3039 855 3096 sanctorum
879 3034 1110 3112 euangeliorum
1133 3035 1256 3110 quadri-

142 3138 217 3200 gam
246 3121 416 3197 symbolum
446 3136 534 3191 esse,
571 3121 655 3196 fidei,
693 3126 723 3180 et
751 3122 921 3197 practicae,
960 3123 1026 3181 sive
1053 3121 1188 3194 activae,
1225 3126 1256 3180 et

142 3207 315 3281 naturalis,
345 3213 376 3269 et
403 3206 596 3284 theologicae
616 3206 846 3284 philosophiae;
877 3213 969 3282 atque
990 3205 1060 3266 iidei
1081 3205 1255 3283 symbolum

129 3308 217 3357 esse
245 3293 440 3372 evangelium
461 3292 621 3367 Matthaei,
652 3300 687 3355 ut
716 3307 795 3368 quae
815 3293 955 3354 infideles
978 3309 1047 3354 cum
1070 3292 1159 3354 donis
1181 3292 1256 3353 ado·

141 3384 252 3441 rantes
273 3380 400 3441 inducat
421 3378 545 3458 Magos,
574 3381 726 3457 practicae
749 3396 838 3457 vero,
869 3382 934 3441 sire
956 3380 1090 3455 activae,
1120 3378 1256 3455 philoso-

130 3466 255 3547 phiec,
277 3466 469 3544 evangelium
491 3466 594 3538 Marci,
617 3471 650 3526 ut
669 3466 748 3541 quod
768 3482 806 3527 ex
825 3467 1025 3545 poenitentia,
1047 3481 1137 3540 quam
1156 3466 1255 3527 omnis

134 3553 228 3635 ,actio
263 3552 381 3613 virtutis
413 3554 566 3627 sequitur,
601 3552 791 3629 disciplinam
820 3553 976 3622 instituat,
1007 3551 1154 3613 naturalis
1182 3566 1256 3611 vero

140 3637 340 3717 evangelium
363 3638 482 3709 bacae,
511 3645 544 3699 rtt
567 3639 646 3713 quod
667 3639 843 3714 ampliorem
863 3639 1014 3698 sermonis
1032 3639 1256 3699 enarrationem

129 3725 318 3795 ·.contineat,
352 3729 383 3785 et
410 3725 607 3785 institutionis
636 3724 793 3784 historiam
817 3723 915 3783 modis
939 3739 1108 3799 congruam
1130 3728 1161 3782 et
1183 3738 1256 3787 cou-

131 3816 346 3884 sentaneum,
377 3809 553 3888 theologiae
575 3811 708 3884 denique
731 3808 902 3886 symbolum
925 3824 996 3869 esse
1018 3806 1141 3868 loannis
1163 3823 1256 3867 evan-

139 3896 276 3977 gelium,
312 3913 351 3957 ex
379 3911 440 3970 quo
470 3902 500 3957 et
528 3897 558 3955 in
588 3895 669 3970 quod
700 3894 757 3955 dec
779 3896 996 3955 convenienter
1017 3893 1206 3954 inchoaverit
1226 3900 1257 3954 et

141 3982 285 4043 finiverit.
328 3982 428 4056 Atque
449 3998 556 4043 rursus
578 3987 612 4042 ut
629 3979 783 4041 sensibilis
803 3979 937 4041 mundus
956 3979 1088 4054 quinque
1106 3993 1256 4039 sensuum

142 4067 325 4131 naturaliter
346 4074 395 4135 ast
416 4069 587 4143 institutor,
619 4066 692 4125 dum
715 4067 853 4127 subiacet
875 4067 919 4126 eis
943 4070 1035 4139 atque
1057 4064 1096 4124 ad
1118 4080 1155 4125 se
1173 4081 1256 4125 com·

134 4150 398 4233 ¹prel'tendeudum
433 4170 488 4215 eos
516 4153 654 4223 deducit,
690 4154 733 4212 ita
760 4152 853 4212 etlam
880 4151 1095 4212 intellectualis
1122 4151 1257 4212 mundus

128 4243 291 4311 2rlrtatum
319 4245 382 4311 est,
417 4240 490 4307 dum
519 4242 638 4301 animae
665 4238 861 4303 tacmtatibus
888 4238 1024 4297 obnoxia
1051 4237 1090 4298 ad
1119 4238 1257 4314 spiritum

129 4343 201 4391 -ees
237 4326 383 4401 lbstituit,
424 4331 456 4387 et
493 4326 660 4387 uniformes
694 4324 793 4387 reddit
827 4326 968 4400 circaque
986 4338 1074 4472 ¹egrrssm
1107 4324 1259 4385 duntaxat
