2768 4784
1091 192 1167 275 2³1

48 385 81 441 et
108 380 318 457 temperantia
343 379 628 456 mansuetudinem,
666 395 746 456 quae
775 380 850 442 nihil
878 382 960 444 aliud
993 388 1041 444 est
1073 398 1166 460 qaam

48 466 148 529 animi
172 471 206 529 ei
232 467 502 544 concupiscentiae
529 466 662 543 perfecta
690 466 730 528 ad
760 484 798 529 ea
828 484 912 545 quaa·
934 475 1064 531 naturae
1093 470 1167 531 co‘n-

48 554 146 615 uuna
175 558 248 615 sunt
276 553 486 625 immobilitas,
516 568 608 628 quam
639 553 762 627 quidam
784 554 982 616 indolentiam
1005 562 1165 630 vocarunt,

50 639 313 715 ideouuaeorum
337 655 416 716 quae
439 640 497 701 sub
520 641 672 701 actionem
691 639 805 699 cadunt
823 641 891 699 finis
910 649 966 703 est.
1012 641 1075 702 lias
1094 659 1166 703 vero

50 741 161 787 rursus
190 726 222 785 iu
255 727 396 787 dautem
424 726 559 787 omnium
588 726 868 804 generalissimam,
902 729 1057 788 caritatem
1087 727 1165 804 dico,

51 810 226 885 contrahit,
261 827 341 888 quaa
375 811 508 873 dimovet
535 828 573 872 ea
601 827 680 888 quae
710 829 749 873 ex
777 813 860 890 ipsa,
899 820 929 873 et
958 814 1100 875 conciliat
1129 830 1167 875 ea

52 913 135 974 quae
157 914 212 975 per
231 899 347 975 ipsam,
382 903 413 959 et
434 899 464 957 ia
487 915 583 959 unum
606 897 720 959 conflat
742 914 779 959 ea
803 914 881 974 quae
903 901 935 958 in
956 901 1056 976 ipsam
1078 915 1168 961 occe-

51 988 166 1061 perunt
191 991 223 1047 et
250 988 334 1046 mola
363 990 437 1046 suut
460 990 491 1044 et
511 985 603 1045 tinem
628 983 816 1056 habuerunt,
850 1001 990 1060 quaeque
1012 987 1044 1044 in
1067 988 1167 1046 ornai-

52 1072 111 1133 buo
141 1071 276 1146 denique
303 1072 436 1132 maxime
465 1071 594 1131 delicat.
647 1068 698 1130 Sic
726 1071 818 1148 igitur
846 1071 948 1131 anima
978 1077 1093 1132 motata
1115 1088 1167 1133 sa·

52 1159 172 1234 pleutar
201 1164 232 1219 et
261 1173 358 1235 mens
381 1156 550 1217 secundum
573 1155 695 1217 divinae
717 1156 911 1231 perfectionis
934 1159 1081 1218 rationem
1106 1172 1167 1232 que

52 1248 85 1304 et
110 1244 217 1309 existit
244 1250 273 1304 et
298 1243 380 1305 iacta
410 1249 474 1315 est,
513 1242 668 1302 sensibilia
697 1242 820 1316 quidem
842 1242 954 1303 utiliter
976 1259 1165 1319 persensus

50 1330 196 1407 percipit,
233 1338 401 1409 earumque
434 1329 569 1390 rationes
602 1328 768 1403 spiritualis
803 1329 859 1388 sibi
892 1328 1046 1407 adiungit,
1080 1330 1165 1405 ipsos

51 1431 127 1477 vero
149 1431 279 1493 seusus,
314 1417 444 1477 rationis.
462 1415 609 1476 facultate
630 1415 692 1474 iam
715 1415 909 1490 aestimatos,
944 1415 1091 1491 [andnam
1113 1431 1170 1475 ve·-

50 1500 158 1581 hiculu
186 1502 346 1565 rationalia
376 1517 500 1562 suarum
523 1501 621 1578 ipsias
644 1499 821 1562 facultatum
845 1500 989 1572 admittit,
1017 1503 1165 1578 ipsusque

49 1587 215 1651 facultates
248 1590 410 1649 virtutibus
446 1603 542 1662 seque
577 1588 677 1662 ipsam
713 1604 767 1661 per
804 1588 932 1647 virtutes
966 1587 1165 1647 divinioribus

48 1690 161 1739 curum
195 1676 364 1737 rationibus
401 1673 556 1750 adiungit,
593 1678 623 1733 et
657 1673 820 1734 diviniores
855 1675 999 1734 virtutum
1031 1675 1166 1735 rationes

49 1760 205 1838 spirituali
227 1763 279 1837 qul
300 1763 330 1821 in
354 1761 399 1820 eis
421 1759 541 1821 occulto
563 1759 640 1820 latet
660 1759 843 1835 intellectui3
875 1760 1041 1836 spiritualis
1063 1767 1166 1821 autem

48 1846 227 1909 intellectus
256 1848 437 1908 diviniorum
468 1849 499 1906 in
527 1847 686 1905 virtutibus
716 1847 866 1907 rationum
889 1861 1011 1906 omnem
1035 1847 1165 1922 animae,

49 1949 149 2011 quam
176 1934 270 1995 habet
298 1933 338 1995 ad
367 1934 543 2010 praesentia
572 1931 743 1992 naturalem
771 1934 997 2007 voluntatisque
1025 1931 1165 1993 affectum

49 2027 85 2082 et
103 2018 284 2083 relationem
307 2034 486 2096 removeas,
517 2017 685 2094 simplicem
707 2023 802 2079 totam
825 2020 879 2078 toti
901 2018 993 2079 trudit
1015 2017 1089 2094 deo,
1119 2022 1165 2078 at·
1193 2056 1196 2060 -

49 2122 114 2184 que
136 2104 215 2169 deus
237 2122 306 2169 eam
331 2122 370 2166 ex
391 2113 456 2167 toto
476 2122 538 2166 una
560 2120 630 2164 cum
652 2121 779 2180 corpore
808 2120 940 2179 quocum
962 2110 1096 2182 cognata
1118 2109 1166 2163 est

50 2192 232 2270 amplexus,
268 2193 486 2254 convenienter
514 2197 679 2265 utrumque
707 2191 765 2250 sibi
793 2191 852 2266 ipsi
881 2190 1065 2265 assimilat,·
1086 2189 1164 2250 adeo

50 2284 88 2343 ul
114 2295 170 2357 per
197 2281 299 2356 ipsam
326 2284 419 2339 iotam
442 2279 534 2356 plaae
555 2277 837 2354 incircumscriptus
859 2292 1006 2353 apparere
1029 2281 1059 2335 et
1080 2279 1164 2336 totus

49 2367 170 2445 possit,
198 2367 251 2442 qui
280 2381 317 2427 ea
343 2370 456 2426 'nature
487 2369 534 2426 est
562 2369 594 2425 nt
617 2379 723 2424 eorum
746 2365 797 2439 qui
819 2368 892 2423 sunt
913 2363 968 2423 ulli
989 2361 1050 2423 ullo
1074 2360 1165 2422 modo

50 2453 93 2515 de
115 2468 152 2513 oe
172 2453 241 2529 ipso
262 2469 324 2513 nou
348 2455 503 2528 appareat
558 2450 658 2525 Atque
680 2449 739 2509 hoc
761 2456 810 2510 est
832 2449 965 2525 sortasse
987 2448 1067 2526 quod
1091 2448 1166 2509 bea·

50 2545 105 2601 tus
134 2538 185 2599 hio
213 2545 244 2598 et
272 2554 403 2616 maguus
434 2538 540 2597 doctor
570 2539 601 2596 iu
633 2537 734 2596 animo
757 2536 876 2595 babens
898 2536 929 2596 in
952 2534 1112 2611 Epitaphio
1133 2534 1165 2592 in

50 2625 232 2687 &uarium
260 2623 384 2687 fratrem
412 2624 547 2697 dicebat,
588 2621 678 2697 ,Post
706 2623 797 2682 etiam
826 2620 1013 2698 aliquanto‘,
1053 2621 1083 2679 id
1117 2624 1167 2680 est

50 2710 127 2789 posi
153 2711 424 2787 resurrectionem,
457 2725 544 2785 ,oum
567 2713 730 2786 cognatam
753 2725 893 2783 carnem,
924 2707 974 2787 (de
997 2708 1099 2767 anima
1121 2707 1165 2765 vi-

50 2797 163 2859 delicet
184 2796 330 2878 loquens)
352 2813 461 2873 quam,
491 2812 564 2856 oum
583 2794 634 2856 hio
654 2794 936 2871 philosopharetur,
971 2795 1087 2854 sociam
1108 2792 1166 2852 ha-

50 2884 134 2959 buit,
164 2890 303 2959 alerra,
334 2899 413 2960 quae
436 2888 467 2943 et
488 2881 613 2942 dederat
635 2885 665 2940 et
686 2883 715 2940 in
739 2882 830 2942 tidem
853 2887 1029 2958 acceperat,
1053 2879 1166 2954 recepit

49 2969 149 3049 (quod
179 2971 331 3046 quomodo
361 2971 412 3029 fiet
442 2969 519 3041 deus
548 2968 647 3041 novit,
690 2968 740 3042 qui
768 2983 806 3027 ee
836 2969 913 3028 inter
945 2984 979 3026 se
1009 2966 1167 3026 coniunxit

49 3062 149 3135 arque
176 3054 346 3135 dissolvit),
388 3060 451 3115 tum
479 3054 603 3115 demum
633 3069 702 3113 eam
731 3068 853 3129 quoque
881 3053 921 3113 ud
950 3052 1065 3129 gloriae
1096 3067 1167 3111 cae-

50 3143 141 3205 lestis
168 3143 388 3205 haereditatem
412 3157 518 3202 secum
541 3141 761 3214 admissuram,
796 3145 826 3199 et
848 3138 1103 3213 quemadmodum
1127 3136 1165 3196 ob

50 3235 186 3291 naturae
222 3229 466 3290 coniunctionem
501 3242 718 3287 aerumnamm
751 3226 847 3302 ipsius
875 3224 1026 3300 particeps
1057 3223 1166 3293 iue'rat,

49 3318 99 3377 eia
116 3316 210 3377 etiam
231 3316 435 3376 iocunditates
459 3330 534 3374 suas
558 3330 626 3373 cum
649 3314 715 3388 ipsa
737 3313 1044 3393 communicaturum,
1068 3313 1165 3367 totum

49 3401 196 3463 videlicet
224 3417 337 3478 corpus
366 3404 397 3461 iu
428 3417 462 3461 se
483 3401 584 3475 ipsam
606 3399 834 3472 absumentem,
867 3403 987 3458 etcum
1011 3412 1047 3455 eo
1070 3409 1166 3455 unum

49 3486 211 3560 ellectum,
244 3494 274 3548 et
295 3489 453 3564 spiritum,
486 3492 516 3546 el
538 3492 686 3561 meatem,
720 3491 750 3545 et
773 3485 881 3563 deum,
911 3481 1166 3565 absorptoqnimi·

49 3591 123 3637 rum
149 3590 170 3637 a
199 3575 262 3635 vita
292 3591 329 3635 eo
358 3574 440 3649 quod
470 3572 596 3634 mortale
627 3577 657 3631 et
685 3571 836 3632 caducum
864 3574 948 3630 erat‘
1007 3564 1164 3640 Quomodo

49 3662 136 3723 culm
164 3676 219 3737 per
246 3667 405 3737 peccatum
435 3675 507 3719 caro
536 3661 574 3719 ab
603 3659 725 3718 interitu
747 3660 891 3733 absorpta
915 3662 996 3728 erat,
1032 3667 1166 3714 acerne

49 3762 128 3809 voro
149 3748 253 3808 anima
274 3748 313 3808 de
336 3748 508 3807 actionibus
531 3746 652 3822 agnita,
684 3745 722 3804 ab
746 3745 848 3804 anima
871 3759 941 3803 vero
965 3756 1020 3816 per
1043 3738 1166 3816 plenam

49 3834 258 3912 ignorantiam
287 3833 401 3911 agnitio
431 3832 496 3905 dei,
532 3831 610 3891 adeo
639 3834 674 3889 ut
703 3829 751 3890 vel
774 3845 813 3888 an
837 3830 913 3889 deus
937 3830 1020 3887 esset
1042 3827 1167 3903 ignora-

49 3924 118 3992 ret,
145 3920 191 3980 ita
219 3921 280 3980 iam
308 3926 445 3995 tempore
473 3916 703 3979 resurrectionis
734 3917 903 3976 secundum
932 3911 1091 3989 pulchram
1121 3911 1168 3968 in-

50 4007 226 4069 versionem
250 4006 282 4066 in
306 4011 413 4066 sancto
437 4006 543 4080 spiritu
566 4007 743 4063 eventuram
767 4001 806 4062 de
827 4001 874 4061 dei
898 4001 948 4074 qui
972 3996 1165 4058 cerularius

49 4098 102 4156 eal
129 4092 230 4171 gralia
258 4107 330 4152 caro
353 4094 391 4153 ab
414 4093 516 4152 anima
538 4091 629 4165 plane
650 4090 681 4147 in
704 4088 811 4164 spiritu
833 4088 1030 4157 absorbetur,
1065 4083 1168 4143 anima

49 4183 159 4243 autem
181 4195 201 4239 a
223 4177 296 4255 deo,
326 4180 378 4253 qui
400 4194 470 4238 vera
493 4178 555 4236 vita
578 4182 639 4249 est,
666 4179 696 4234 et
718 4188 809 4248 quem
832 4173 884 4234 illa
907 4172 1007 4232 solum
1031 4171 1167 4231 omnium

111 4356 149 4438 Ι2.
168 4382 225 4436 τῶν
242 4382 322 4436 babet
339 4381 527 4450 apographum.
