2752 4778
224 206 297 282 228

222 397 276 459 καλ
306 386 324 456 3
350 387 428 455 κατά
459 386 604 452 διάνοιαν
633 385 755 469 κόσμος
784 388 846 449 τῶν
854 379 1009 491 άρετῶν,
1043 394 1114 460 ταῖς
1149 389 1204 464 τῆς
1241 387 1322 491 γνγής

222 477 411 544 ύπσπίπτων
433 472 583 557 δυνάμεσι
607 481 769 583 στσιγειοΐ
787 468 884 575 ρύτάς
905 468 992 580 πρός
1008 468 1044 535 τό
1064 474 1210 555 πνεῦμα,
1239 494 1323 535 ενσειι

222 570 287 641 δείς
316 559 523 672 ἐργαζόμενος
551 561 595 645 τῶ
621 563 696 642 περὶ
724 553 802 621 αύτό
830 555 931 640 μόνον
953 552 1049 632 αύτσίς
1070 561 1323 665 κινεῖρθαι,κιί

222 661 292 725 ταῖς
324 648 421 713 αύτού
454 622 654 751 άντιλήήιεσιν
688 643 925 751 ἐπερείδερθαι.
990 645 1056 751 1333
1089 639 1191 719 αύτσίς
1224 646 1262 709 33
1285 642 1325 717 τὰ
1351 676 1358 733 γ

224 735 397 814 αἰσθήσεις
424 737 480 797 τού
509 729 670 814 σῶματος,
704 727 784 795 κατά
807 726 863 793 τόν
886 724 997 803 αύταῖς
1018 728 1227 813 ἐμπρέποντα
1248 724 1358 795 θεῶ

224 847 317 908 τερον
344 818 457 902 λόγον,
486 814 747 925 στοιχειωτικιίς
747 810 832 881 εἷναί
853 836 934 923 φαρι
957 819 1019 880 τῶν
1041 820 1095 894 τῆς
1116 820 1227 939 ψυχῆς
1248 813 1326 879 δυνά

223 934 327 1017 μεων,
358 901 581 1014 στοιχειούσας
607 898 703 978 αἰτάς
729 898 830 1013 η’ρέμα
858 900 940 1008 μρός
968 900 1146 1011 ἐνέργειαν,
1182 896 1325 979 Ιταῖςίή

224 995 344 1061 ἑαυτῶν
371 988 555 1074 άντιλήψεσι
585 994 647 1053 τῶι
675 993 707 1053 ἐν
736 998 804 1063 τοϊς
834 978 908 1051 σύσι
913 985 1054 1092 λόγων,
1090 980 1184 1053 δι’
1155 1014 1201 1053 ων
1224 983 1270 1097 ῶς
1287 984 1328 1051 δά

127 1088 132 1099 “
225 1078 417 1187 γραμμάτων
446 1079 538 1140 τινῶν
564 1085 631 1150 τοῖς
652 1070 835 1183 όξυωπσῶσι
858 1069 940 1158 πρός
963 1071 1016 1153 τῆν
1038 1068 1242 1153 ῶλήθειαν
1222 1100 1242 1141 σ
1263 1073 1328 1148 θεὸς

224 1168 322 1250 λόγος
343 1161 599 1273 άνμγινῶσκεται.
643 1160 743 1225 Ὅθεν
765 1166 819 1224 καὶ
842 1160 1135 1243 παραδειγματικῶς
1158 1163 1223 1225 τῶν
1244 1178 1328 1267 3313·

225 1258 289 1321 κῶν
317 1249 498 1352 δυνάμεων
504 1245 631 1355 εἰκόνας
658 1245 714 1321 τοὶς
741 1245 912 1325 αἰσθήσεις
934 1244 1106 1328 ἐκάλεσαν,
1141 1240 1224 1322 ῶς“
1209 1243 1328 1325 εκάστης

226 1337 409 1447 αἰσθήσεως
421 1331 499 1441 μετά
515 1336 572 1398 τού
585 1329 679 1411 αύτής
696 1329 848 1419 όργάνου,
870 1330 966 1441 ῆγουν
982 1332 1217 1437 αἰσθητηρίου,
1239 1356 1328 1441 προς·

64 1429 382 1537 τιμωρουμένοις
401 1419 539 1528 ήεκάστη
565 1418 695 1524 δυνάμει
722 1422 776 1498 τῆς
802 1420 904 1527 ριυχῆς
930 1415 1094 1502 ιίναλόγως
1113 1422 1328 1523 μυστικωτέρρ

226 1517 288 1577 τινί
317 1509 402 1595 λόγῳ
432 1505 511 1572 κατὰ
541 1503 639 1614 33333
669 1509 900 1610 νενεμημένης.
947 1507 1016 1569 Καί
1041 1526 1146 1617 ριασιι
1176 1498 1262 1570 εἰναι
1289 1528 1329 1584 της

225 1603 284 1684 μὲν
306 1599 417 1681 νοερᾶς
439 1589 639 1696 δυνάμεως”
619 1616 689 1695 ητρι
713 1595 770 1656 τού
791 1595 848 1656 νού
866 1586 920 1669 τήν
940 1587 1071 1670 ὀπτικήν
1088 1591 1267 1696 αἴσθησιν,
1288 1594 1329 1670 τῆς

227 1689 263 1792 33
290 1684 417 1791 λογικῆς
447 1676 515 1783 ήτρι
544 1681 602 1743 τοῦ
631 1676 728 1761 λόγου
758 1675 812 1755 τῆν
833 1673 1039 1756 άκουστικῆν,
1068 1681 1122 1757 τῆς
1144 1681 1181 1785 δὲ
1203 1678 1329 1783 θυμικῆς

227 1769 281 1849 τῆν
304 1762 534 1872 όσφραντικῆν,
564 1768 616 1844 τῆς
638 1763 873 1874 ἐπιθυμητικῆς
888 1761 978 1827 33
945 1789 998 1842 την
1019 1763 1201 1847 γευστικῆν,
1232 1768 1286 1843 τῆς
1302 1766 1328 1827 33

228 1857 370 1964 ζωτικῆς
384 1849 438 1931 τήν
467 1847 616 1960 άπτικῆγ,
641 1856 705 1958 καί
731 1845 873 1925 άπλῶς“
860 1875 913 1914 ινα
936 1853 1135 1933 σαφέστερον
1157 1850 1257 1929 εἴπω,
1286 1851 1329 1915 τού

226 1946 285 2045 μὲν
313 1942 370 2005 νσύ
400 1935 542 2045 ἐστιν’
514 1934 607 2001 εικῶν
635 1931 661 2043 3
684 1933 833 2044 όψις,η
817 1934 912 2045 ήγρυν
942 1930 960 1999 3
989 1931 1179 2020 όφθαλμός,
1221 1961 1278 2001 τσυ
1264 1936 1360 1999 ”δέ

227 2026 326 2110 λόγου
355 2014 485 2091 ἐστὶν
468 2050 485 2101 3
517 2018 626 2131 3233,
640 2019 736 2104 ήγουν
765 2020 801 2087 τό
832 2014 904 2103 ούς,
932 2023 989 2087 τού
1018 2027 1053 2087 33
1081 2026 1196 2131 θυμσύ
1213 2014 1328 2097 ἐστινή

229 2109 449 2225 3333333;,'
437 2107 533 2217 ήγορν
561 2105 577 2187 3
605 2103 674 2213 ῥὶς,
711 2111 764 2187 τῆς
793 2112 828 2173 33
858 2107 1048 2216 ἐπιθυμίας
1063 2106 1196 2174 ἐστὶν(
1179 2134 1197 2189 η
1225 2112 1331 2213 γεῦσις,

228 2206 282 2267 καὶ
312 2203 365 2278 τῆς
392 2191 513 2300 ζωῆς
498 2223 514 2274 η
546 2191 629 2279 άφή·
666 2188 717 2270 αἷς
747 2189 763 2272 3
792 2191 876 2279 ψυχή
905 2192 984 2260 κατά
1013 2193 1069 2260 τόν
1097 2193 1201 2279 νόμον
1223 2198 1281 2260 τού
1299 2190 1329 2257 τί

228 2286 332 2351 πάντα
334 2286 471 2392 ησοηρῶς
497 2279 788 2365 δημιουργήσαντος
814 2283 897 2345 θεοῦ
917 2278 997 2345 κατὰ
1019 2279 1118 2389 φύρειν
1139 2280 1329 2367 ἐποχουμένη

229 2370 282 2437 διά
305 2374 367 2436 τῶν
388 2366 481 2451 αύτῆς
503 2366 679 2450 διινάμεων,
701 2372 754 2432 καὶ
763 2363 858 2475 πρός
880 2392 917 2432 τα
906 2365 1076 2447 αἰσθητά
1093 2374 1253 2445 ποικίλως
1267 2370 1329 2441 δια,-

230 2453 487 2541 βιβαζομένη,
458 2479 487 2518 ει
507 2458 566 2538 μέν
588 2456 690 2560 κρλῶς
711 2450 867 2560 χρήσαιτο
891 2463 961 2529 ταῖς
980 2452 1174 2562 αἰσθήσεσι,
1202 2452 1257 2519 διὰ
1277 2455 1330 2519 τῶι

232 2545 359 2611 οἰκείων
387 2540 548 2649 δυνάμεων
570 2538 642 2615 τούς
663 2537 887 2615 παντοδαπούς
920 2543 981 2604 τῶν
1004 2537 1104 2605 όντων
1125 2534 1284 2623 λόγους’
1264 2564 1329 2605 ανσ-

231 2632 398 2734 λεγομένη,
431 2632 485 2692 καὶ
488 2630 628 2774 ἐδυνηθγῆ
648 2624 860 2734 μεταβιβάσρι
889 2623 972 2712 πρὸς
1000 2624 1112 2706 ἑαυτήν
1136 2631 1251 2712 σοφῶς
1276 2628 1330 2691 πᾶν

231 2742 268 2781 νσ
256 2711 503 2819 ὅρῶμενοι,ἐ
506 2737 521 2775 ν
543 2736 568 2798 ω
591 2715 759 2818 κέκρυπται
784 2710 861 2788 θεός
878 2715 985 2802 σιωπή
1000 2713 1241 2798 κηρυττόμενος,
1263 2710 1330 2779 κάλ·

231 2807 342 2866 λιστον
370 2804 423 2906 κμὶ
450 2793 531 2946 3313
548 2775 628 2860 κατὰ
639 2804 838 2903 προαίρεσιν
861 2797 893 2861 ἐν
915 2824 963 2886 τη.
937 2764 1103 2909 διανοίη
1124 2805 1179 2865 καί
1201 2822 1329 2909 πνρυμιι-

231 2885 321 2952 τικόν
355 2881 481 2967 κόσμον
516 2881 760 2992 ἐδημιούργησε,
795 2882 849 2959 τάς
883 2882 1007 2989 γενικὰς
1039 2888 1200 2991 τέσσαρας
1229 2880 1332 2971 όρετόι

222 2977 400 3083 «στοιχείων
434 2974 522 3048 δίκην
554 2968 703 3048 αλλήλαις
737 2976 892 3035 συνθεῖσα
922 2967 1005 3054 πρός
1031 2971 1193 3056 σύμπηξιν
1220 2977 1281 3038 τσιί
1303 2968 1332 3045 ἐξ

232 3055 335 3124 αἰτῶν
363 3060 483 3165 νρητῶς
510 3055 589 3122 κατὰ
619 3059 741 3162 πνεῦμα
769 3059 1052 3167 33337133303333303
1076 3058 1228 3168 κόσμου,
1262 3051 1331 3123 κατά

232 3141 416 3230 συμπλοκήν
441 3146 552 3227 μέντοι
579 3148 632 3221 τῆς
661 3140 742 3250 πρός
769 3141 824 3218 τάς
834 3140 1024 3249 αἰσθήσεις
1048 3148 1110 3210 τῶν
1131 3141 1229 3227 αύτῆς
1248 3139 1331 3209 δυνά·

231 3256 316 3316 μεων
345 3228 542 3338 ἐνεργείας
529 3228 660 3307 εκάστην
690 3224 802 3312 άρετήν
822 3223 1054 3336 ύπσστήσασα·
1099 3225 1236 3296 οἷον
1203 3255 1258 3310 την
1282 3230 1332 3313 μὲν
1361 3284 1369 3323 ,

233 3318 390 3422 φρόνησιν
418 3315 452 3380 ἐκ
480 3320 533 3395 τῆς
559 3313 637 3380 κατά
668 3312 850 3423 συμπλοκήν
873 3318 926 3393 τῆς
950 3339 982 3380 τε
1005 3320 1117 3422 νρεροῖς
1137 3322 1194 3384 aaz
1215 3316 1333 3401 λογικῆς

232 3402 393 3515 δρνάμεως
413 3398 496 3513 πρὸς
517 3400 571 3480 τὴν
594 3397 725 3480 όπτικήι
747 3426 779 3465 τε
797 3407 850 3466 καὶ
868 3397 1057 3481 σίκουστικῆν
1072 3402 1248 3485 αἴσθησιν,
1267 3404 1333 3483 περὶ

232 3491 271 3598 τρὶ
295 3486 397 3554 αύτῶν
420 3484 576 3567 αἰσθητοὶ,
598 3491 770 3568 γνωστικῆς
791 3513 823 3552 τε
842 3513 896 3552 και
886 3486 1158 3591 ἐπιστημονιιιῆς
1174 3488 1334 3598 ἐνεργείας,

232 3577 287 3657 τῆν
304 3579 339 3641 δέ
360 3571 560 3677 ιίνδρείανκ
527 3572 560 3637 ἐκ
579 3577 632 3653 τῆς
648 3599 728 3638 κατα
717 3570 930 3683 συμπλοκήν
948 3600 1005 3639 του
991 3578 1167 3682 θυμιιισύ
1179 3573 1281 3685 πρός.
1287 3571 1335 3653 τήν

232 3661 406 3771 όρηιρησιν,
435 3657 531 3765 3y3vv
554 3655 609 3724 τόν
629 3664 785 3768 μυκτῆρα,
817 3651 899 3723 ἐν
872 3685 896 3747 ῳ
917 3657 953 3724 τό
977 3659 1136 3771 θυμικόν,
1167 3660 1212 3738 ῶς
1232 3684 1333 3770 φρσιν,

166 3746 389 3825 ·-·.αύλίζεται
407 3750 545 3854 πνεῦμα,
565 3745 570 3830 Ι
589 3752 670 3849 περὶ
682 3744 717 3810 τό
736 3749 878 3830 συμφυὲς
879 3724 1094 3848 αἰσθητόν”
1072 3772 1176 3856 ακρας
1191 3745 1271 3813 κατά
1287 3743 1334 3824 τήν

232 3835 390 3942 ἐνέργειαν
408 3827 614 3941 όμαλότητσς,
638 3829 692 3910 τήν
709 3836 744 3896 33
756 3830 967 3941 σωφροσύνην
979 3831 1068 3898 ἐκ”
1031 3859 1083 3912 της
1098 3859 1177 3898 κατα
1166 3831 1334 3918 συμπλσ-
1367 3872 1370 3883 ·

231 3918 287 4000 κῆν
309 3924 361 3998 τῆς
382 3945 441 3984 κατ
439 3915 643 4030 ἐπιθυμίαν
660 3918 819 4001 δυνάμεως
835 3915 917 4026 πρός
934 3917 988 3997 τῆν
1005 3918 1170 4002 γευστικήι
1188 3920 1334 4000 αἴσθησιν

230 4011 305 4090 περὶ
333 4006 368 4069 τὸ
400 4006 520 4069 σίκεῖον
546 4003 701 4114 αἰσθητόν
720 4007 959 4112 μεμετρημένης
972 4004 1133 4117 χρήσεως,
1158 4004 1214 4086 τήν
1236 4008 1273 4071 33
1292 4008 1333 4071 δι·

232 4090 402 4199 κρισσύνην
422 4090 511 4156 ἐκ
475 4116 528 4169 της
547 4089 579 4154 ἐν
597 4089 684 4167 ὅλοις
702 4089 754 4154 διά
772 4116 825 4170 της
843 4114 976 4169 απτικης
992 4097 1046 4156 καλ
1059 4098 1135 4178 περὶ
1153 4091 1216 4159 όλα
1230 4088 1336 4178 σχεδόν

232 4176 269 4285 τρὶ
292 4176 488 4280 αἰσθητά
452 4202 504 4256 της
522 4177 649 4255 ζωτικῆς
668 4175 828 4260 δυνάμεως
846 4174 924 4240 κατά
943 4177 997 4256 τῆν
1015 4176 1176 4283 ἐνέργειαν
1198 4178 1288 4287 ἴσης
1289 4180 1335 4245 ιιιιί

232 4258 381 4328 Ιειίτάκτσυ
409 4269 463 4327 καὶ
492 4258 670 4370 ἁρμονικῆς
693 4261 912 4368 διανεμήσεως.
965 4259 1016 4329 Ἐκ
1045 4267 1080 4328 33
1102 4262 1225 4375 τούτων
1247 4254 1336 4338 αἰθις

232 4351 294 4413 τῶν
313 4351 443 4431 γενικῶν
465 4347 628 4433 τεσσάρων
649 4342 769 4433 α’ρετῶν
791 4348 848 4412 δύο
865 4353 1070 4435 γενικωτέρας
1087 4348 1169 4417 νατοί
1190 4350 1335 4419 σύνθεσιν
