2752 4778
1189 212 1265 291 40³

135 396 242 457 ludus
281 413 349 458 cunr
384 413 455 456 vcro
492 397 591 472 aliquo
628 403 657 457 et
691 402 775 458 certo
808 400 930 476 negotio
964 404 1159 502 comparatus
1193 417 1263 461 esse

135 483 354 544 existimatur

135 633 274 710 Alia
265 660 303 708 un
326 636 427 709 idem
454 636 725 733 contemplatio

260 766 400 830 Fortasse
432 786 502 829 vero
531 771 623 829 etiarn
652 771 873 848 degenerabilis
903 787 939 830 ac
971 771 1124 831 mutabilis
1155 778 1263 832 nature

134 855 352 916 materialium
388 871 464 930 quas
499 857 712 917 committimus
746 873 845 917 rerum
880 856 938 917 alio
968 856 1045 917 alias
1074 857 1261 919 transferen-

133 941 223 1002 tium
249 947 278 1002 et
301 940 533 1016 translatarum,
564 949 594 1002 et
616 944 725 1004 stabile
748 943 967 1004 firmamentum
991 948 1111 1018 praeter
1132 945 1260 1019 primam

134 1029 300 1094 rationem
330 1042 390 1102 qua
418 1030 572 1104 sapienter
602 1035 631 1089 et
659 1029 852 1104 providenter
875 1030 1010 1089 feruntur
1033 1034 1062 1088 et
1084 1029 1184 1090 ferunt
1205 1029 1262 1091 ba-

135 1115 285 1174 bentium
317 1113 451 1197 nullum,
482 1120 589 1188 atque,
621 1132 690 1176 curn
715 1117 802 1192 potiri
826 1118 869 1176 eis
893 1116 980 1175 nobis
1002 1115 1175 1189 videamur,
1205 1114 1263 1176 dif-

134 1199 328 1279 fugientium
360 1201 457 1278 magis
488 1214 579 1274 quam
603 1208 831 1278 superatarum,
861 1203 1089 1278 appetitumque
1111 1207 1260 1276 nostrum,

135 1287 199 1364 qui
223 1287 270 1346 eis
292 1288 381 1363 potiri
404 1286 585 1360 institimus,
616 1307 633 1346 a
654 1306 688 1348 se
711 1289 793 1348 velut
816 1288 1041 1364 repellentlum,
1066 1293 1096 1348 et
1115 1303 1261 1364 superare

135 1378 200 1434 eut
230 1375 369 1448 superari
399 1373 491 1449 plane
520 1390 580 1432 non
615 1376 814 1450 capientium,
846 1380 950 1450 utpote
974 1391 1052 1451 quae
1076 1375 1174 1435 solum
1197 1378 1262 1434 sta·

135 1459 240 1519 bilem
270 1475 346 1519 sune
376 1464 505 1518 naturae
535 1462 697 1521 terminum
727 1460 841 1520 babent
870 1461 952 1520 hunc
976 1461 1056 1536 quod
1081 1460 1209 1522 effluurnt
1231 1465 1261 1522 et

135 1561 208 1604 non
229 1550 325 1620 stant,
357 1544 465 1619 ,ludus
483 1544 608 1620 puerilis
628 1545 692 1606 dei‘
717 1563 735 1606 a
754 1547 901 1624 magistro
922 1546 1076 1622 appellata
1098 1551 1146 1607 est
1168 1552 1231 1607 rect
1232 1561 1259 1620 c,

136 1638 177 1692 ut
209 1633 261 1707 qui
290 1646 343 1707 per
371 1631 450 1691 haec
480 1645 535 1690 nos
559 1631 597 1690 ad
622 1649 660 1693 ea
683 1648 761 1708 quae
785 1649 855 1693 rere
879 1639 951 1695 sunt
973 1640 1002 1692 et
1024 1647 1179 1734 nunquam
1203 1632 1260 1693 flu-

136 1723 285 1779 ctuanti
274 1717 452 1778 transducit.

137 1880 268 1954 Alia
259 1905 298 1953 m
322 1880 423 1953 idern
445 1880 716 1979 contemplatio.

256 2017 366 2079 Verum
402 2021 428 2078 sl
459 2037 514 2078 nos
545 2035 665 2093 quoqne
693 2022 750 2095 ipsi
780 2021 949 2079 secundum
980 2025 1106 2080 naturae
1135 2027 1260 2080 nostrae

136 2107 431 2182 impraesentiarum
451 2108 718 2180 consequentiam,
744 2122 825 2165 nunc
849 2105 970 2180 quidem
994 2108 1151 2181 puricum
1178 2111 1259 2168 cete·

137 2196 186 2254 ris
212 2199 312 2252 terrae
335 2191 517 2252 animalibus
542 2192 632 2252 modo
654 2193 807 2270 generati,
842 2191 912 2251 dein
935 2191 1055 2268 pueruli
1076 2192 1164 2268 facti,
1194 2198 1258 2252 turn

137 2283 303 2341 iuventute
333 2283 438 2339 nostra
468 2278 505 2337 ud
537 2281 702 2339 senectutis
733 2281 931 2355 rugositatem
962 2277 1123 2338 festinante
1150 2278 1188 2337 ad
1211 2279 1258 2336 in-

139 2374 211 2428 star
234 2365 342 2425 caduci
364 2366 446 2425 floris
469 2367 621 2440 morituri,
646 2372 676 2425 et
699 2366 738 2424 ad
761 2364 853 2425 aliam
877 2365 967 2424 vitam
987 2364 1125 2426 translati
1148 2363 1257 2438 ,ludus

138 2453 212 2514 dei‘
243 2467 261 2511 a
284 2451 384 2510 divino
407 2452 465 2511 boc
488 2451 611 2512 doctore
634 2452 705 2511 dicti
728 2452 886 2525 fuerimus,
921 2451 948 2510 ld
974 2453 1078 2511 merito
1101 2452 1255 2511 fuerimus.

138 2539 220 2600 Nam
251 2552 398 2613 praesens
430 2538 491 2597 vita
521 2554 589 2598 cum
612 2537 712 2598 futuro
736 2539 815 2598 vitae
838 2537 959 2598 divinae
982 2554 1017 2597 ac
1039 2554 1129 2597 verae
1153 2553 1258 2598 exem·

137 2626 222 2704 plari
251 2629 431 2700 comparata
458 2623 551 2683 ludus
582 2630 645 2696 est,
675 2630 704 2684 et
730 2625 934 2700 quodcunque
965 2622 1047 2683 allud
1076 2623 1134 2685 hoc
1158 2625 1256 2702 magis

137 2713 280 2774 essentia
311 2727 346 2770 ac
377 2709 502 2770 veritate
526 2712 647 2772 carebit.
705 2709 737 2769 ld
761 2711 841 2785 quod
864 2712 1010 2787 magister
1031 2711 1061 2768 in
1085 2710 1203 2770 funebri
1226 2712 1256 2769 in

138 2798 322 2860 Caesarium
358 2797 493 2856 oratione
531 2797 642 2857 clarius
671 2797 860 2857 demonstrat
888 2797 973 2856 bisce
995 2797 1110 2856 verbis:
1152 2796 1256 2871 ,Eius-

138 2883 226 2946 modi
260 2885 322 2944 vita
356 2889 462 2943 nostra
495 2890 557 2958 est,
595 2884 718 2955 iratres,
757 2886 807 2957 qul
839 2883 954 2943 fluxam
986 2884 1078 2943 vitam
1107 2881 1257 2956 ducimus,

138 2971 295 3034 eiusmodi
324 2969 355 3028 in
378 2975 458 3030 terra
481 2970 586 3044 ludus,
621 2978 654 3030 ut
676 2986 743 3029 cum
767 2986 828 3030 non
853 2972 948 3029 simus
975 2985 1158 3041 nascamur,
1186 2988 1257 3031 cum

138 3059 206 3120 nati
239 3058 332 3117 simus
363 3071 484 3116 rursum
514 3056 727 3116 dissolvamur.
784 3055 973 3116 insomnium
1003 3071 1110 3117 sumus
1133 3057 1257 3116 minime
1329 3104 1336 3116 .

139 3145 334 3218 consistens,
365 3147 518 3219 spectrum
549 3143 702 3217 quoddam
734 3142 814 3217 quod
843 3143 937 3201 teneri
960 3157 1021 3202 non
1045 3147 1160 3216 potest,
1191 3144 1255 3202 aris

138 3230 364 3311 praetereuntis
394 3229 532 3300 volatus,
566 3232 654 3289 navis
684 3232 714 3288 in
743 3230 818 3288 mari
849 3228 1011 3306 vestigium
1040 3244 1101 3288 non
1125 3227 1254 3304 habens,

138 3318 261 3397 pulvis,
287 3331 397 3391 vapor,
427 3333 478 3375 ros
503 3318 686 3389 matutinus,
710 3316 767 3376 llos
791 3321 944 3376 momento
968 3331 1117 3391 nascens,
1141 3321 1171 3375 et
1191 3332 1255 3375 rno-

139 3410 247 3466 mento
276 3418 487 3476 marcescens,
522 3402 631 3476 homo,
660 3405 738 3464 sicut
761 3401 883 3463 foenum
907 3402 973 3462 dies
996 3403 1077 3473 eins,
1107 3406 1255 3478 tanquam

139 3492 199 3552 llos
229 3491 296 3568 agri
325 3491 369 3549 sic
397 3489 552 3550 efflorebit.
608 3488 733 3551 Pulchre
763 3489 850 3550 divus
881 3487 976 3549 David
1005 3488 1053 3548 bis
1085 3491 1185 3549 verbis
1216 3490 1254 3586 de

138 3584 250 3639 nostra
271 3575 476 3636 imbecillitate
446 3575 733 3653 tpbllosophatus
758 3581 826 3635 est‘

248 3692 285 3753 Hi
316 3698 388 3754 sunt
417 3694 502 3755 loci
496 3711 526 3753 rn
549 3696 652 3772 magni
675 3697 771 3755 nostri
793 3695 886 3770 patris
910 3699 939 3753 et
962 3693 1094 3755 doctoris
1118 3695 1254 3775 Gregorii

139 3781 336 3843 sermonibus
365 3780 404 3840 de
434 3780 543 3856 quibus
578 3782 790 3855 quaesivistis,
825 3796 948 3856 meque,
982 3782 1166 3852 beatissimi,
1199 3800 1254 3859 pro

139 3866 218 3927 virili
241 3872 325 3943 parte
352 3883 507 3943 exponere
530 3867 677 3928 voluistis.
724 3868 881 3928 Voluntati
903 3872 1042 3938 vestrae,
1064 3872 1097 3927 ut
1120 3884 1174 3943 par
1197 3874 1254 3938 est,

138 3952 325 4030 oboediens,
363 3952 492 4015 disserui
526 3971 584 4031 ego
613 3954 649 4014 dc
680 3956 853 4015 coniectura
883 3953 980 4032 magis
1010 3952 1254 4014 commendando

139 4054 235 4118 quarn
259 4039 449 4100 affirmando.
500 4038 604 4115 Neque
627 4041 707 4101 enirn
728 4036 901 4117 assequitur
923 4056 1023 4115 neque
1046 4041 1166 4117 attingit
1187 4055 1253 4100 ma-

139 4142 236 4206 gnam
267 4132 297 4186 et
326 4127 486 4187 sublimem
517 4127 609 4186 divini
633 4127 765 4188 doctoris
789 4133 922 4188 mentem
945 4131 1049 4187 noster
1071 4125 1251 4202 intellectus,

139 4215 193 4290 qui
223 4212 400 4274 voluntariis
430 4212 530 4274 adbuc
561 4212 721 4276 affectuum
757 4214 870 4276 aculeis
908 4214 1086 4290 pungimur,
1125 4226 1252 4287 quorum

139 4385 165 4440 2.
183 4383 277 4436 Munus
295 4381 411 4433 secundo
430 4385 541 4436 correxit
559 4381 765 4452 παρερχομένη.

991 4449 1063 4514 ab*
