2752 4778
237 189 310 266 ³58

235 376 279 459 τῷ
306 366 485 445 ιλνευθύνως
513 365 552 432 δι’
582 364 678 431 αιλτδν
707 370 949 470 666066606666
965 359 1063 474 λόγῳ
1087 372 1348 448 συγκακοπαθάι

235 463 290 523 καί
318 461 422 542 φέρων
448 480 507 539 μετ
537 450 753 558 ειλχαριστίας,
783 457 837 516 καλ
860 449 916 516 τόν
937 450 1017 517 κατὰ
1038 452 1210 560 πρόνοιαν
1232 457 1288 532 τῆς
1307 456 1347 517 δι·

235 549 327 620 καίας
355 547 488 651 κρίσεως
515 539 611 622 λόγον
640 537 774 604 συνόντα
801 539 970 620 γνωρίζον,
1010 544 1064 604 καὶ
1095 535 1278 648 ὁμολογῶν
1305 537 1347 618 τὴν

236 626 315 712 ιλπέρ
344 621 388 693 ὧν
394 627 532 734 πάσχει
561 630 664 733 κακρλς
691 624 814 704 αἰτίαν,
845 629 899 687 καλ
930 624 1028 688 αἰτῶν
1055 623 1166 708 ὥςπερ
1191 621 1283 730 αύτῷ
1302 629 1348 728 τοί

235 715 362 790 πάθους
389 712 596 823 ἐκοινώνησεν
618 707 833 785 ολνεύθυνος’
813 735 857 773 ων
880 705 897 774 6
920 707 1032 793 λόγος,
1064 710 1152 815 οὕτω
1178 707 1257 775 δι”
1245 707 1348 776 εαυτόι

237 800 292 867 τόν
313 801 410 908 λόγρν
429 803 481 907 τῇς
501 798 622 907 οἰκείας
642 794 817 870 εύπαθείας
839 791 958 882 άναξίῳ
982 795 1176 906 τυγχάνοντι
1198 801 1347 907 μεταδαύ·

237 915 304 962 ναι,
338 891 392 951 καὶ
425 883 477 965 τῆν
507 884 541 948 ἐκ
570 881 785 984 περιστάσεως
814 858 965 965 νέκρωσιν
995 882 1040 956 εἰς
1071 880 1231 948 ἑκούσιον
1262 879 1347 947 αιλτολ

235 971 256 1039 6
257 975 347 1082 ρετλην
364 970 469 1036 διὰ
437 997 490 1074 την
512 966 749 1052 ειλγνωμοσύνην
771 964 1024 1050 λογίσασθαι,ε
1009 974 1100 1074 ηνίκα
1124 972 1184 1048 τῆς
1201 976 1347 1078 προνοίας

237 1060 275 1126 τά
304 1057 391 1144 σοφά
420 1084 475 1122 του
461 1054 595 1160 ’λόγου
617 1056 869 1162 προκαλύμματα
892 1056 991 1136 πέρας
1012 1053 1158 1161 λαβόντα
1184 1059 1241 1136 τῆς
1263 1051 1346 1120 ολτού

235 1150 402 1257 βασιλείας
429 1140 466 1206 τό
497 1146 563 1250 φάς
591 1145 705 1251 6666
712 1139 748 1204 16
767 1137 963 1248 ιλπρόςιτον.
1019 1140 1111 1205 Ούτω
1149 1150 1345 1225 περιίσταιω

237 1228 322 1336 αιλτῷ
342 1229 500 1337 πάσχρντι
523 1224 562 1291 δι
584 1232 741 1336 αμαρτίας
762 1223 779 1330 6
803 1224 836 1289 ἐκ
858 1226 1075 1334 περιστάσεως
1093 1232 1161 1291 τῶν
1179 1227 1287 1311 μελῶν
1302 1232 1345 1294 τοῦ

238 1318 385 1427 σωματος
403 1318 580 1423 νέκρωσις,
612 1309 651 1376 δι’
680 1309 878 1420 ειλγνάμονρς
899 1308 1105 1421 ειλχαριστίας
1128 1314 1181 1389 εἰς
1204 1312 1345 1424 αιλθυίρι·

239 1431 295 1470 τον
323 1400 433 1485 ιλρετῆν
461 1406 718 1508 μεταπίπτοντα,
752 1394 868 1462 καθ’“
849 1423 885 1476 ην
905 1403 969 1462 τῶν
988 1394 1105 1463 καθ’
1087 1407 1260 1485 αμαρτίαν
1280 1405 1344 1464 πολ-

239 1495 302 1555 λῶν
323 1486 542 1596 ολπολυόμενος
564 1482 755 1567 ὀφλημάτων
775 1482 854 1567 μετά
877 1488 934 1547 τού
956 1483 1054 1592 λόγου
1072 1486 1268 1562 δικαίως
1231 1510 1344 1595 ειςεισιν

240 1576 286 1653 εἰς
314 1574 368 1653 166
395 1572 504 1675 χάραν
531 1574 583 1650 τῆς
603 1570 763 1680 γνάσεως,
794 1575 875 1654 φημὶ
898 1568 989 1634 66
954 1595 1010 1634 τον
999 1570 1299 1679 παράδεισον,
1286 1597 1342 1674 ενχ

238 1659 407 1747 γενόμενος
440 1658 594 1742 γνώσεται
630 1655 684 1734 τὴν
718 1657 823 1721 αἰτίαν
852 1658 904 1734 τῆς
933 1655 966 1720 ἰν
995 1647 1015 1744 6
1037 1661 1278 1764 καθείργμεθα
1302 1684 1342 1766 κιρ

240 1750 407 1823 καταδίκης
434 1749 486 1809 καί
515 1744 746 1818 κακοπαθείας.
808 1741 935 1849 Ληστῆς
965 1723 1048 1807 66³
1028 1742 1192 1827 αγνάμων
1223 1740 1340 1812 ἕστλνδ

241 1829 319 1898 διΗ
302 1837 459 1916 αμαρτίας
480 1829 611 1934 πάσχων
633 1825 780 1905 κακῶς(
758 1854 799 1903 ως
821 1809 1012 1905 ὑπεύθυνος,
1049 1835 1104 1893 καὶ
1127 1829 1174 1912 μὴ
1198 1832 1340 1916 γνωριζων

77 1943 126 1983 ουτ.
140 1939 231 1986 ιητλει
240 1917 295 1984 διά
312 1920 317 1999 Ι
337 1914 606 2027 φιλαπεχθήμονα
633 1914 757 1996 γνάμηυ
779 1913 835 1978 τόν
856 1910 1072 1990 άνευθύνως
1057 1920 1141 2000 νπὲρ
1193 1923 1339 2027 ιλρινθρω·

239 2012 316 2080 πίας
347 2001 431 2112 αιλτῳ
454 1999 682 2106 συμπάσχοντα
711 2005 763 2079 τῆς
785 1999 986 2080 δικαιοσύνης
1008 2000 1124 2105 λόγον,
1157 2003 1244 2068 αλλὰ
1263 2010 1339 2087 βλας·

267 2087 353 2175 ἤμως
380 2067 650 2172 ιλτίοπεμπόμενος
681 2087 736 2151 τόν
763 2083 811 2151 ἐπ’
834 2083 918 2194 αύτῷ
938 2084 1018 2151 κατά
1041 2086 1208 2199 πρόνοιαν
1229 2095 1339 2164 δικαίας

240 2179 434 2289 (χρισθέντα
449 2179 502 2254 τῆς
534 2180 668 2256 κρίσεως
694 2172 855 2256 λόγον,ί
844 2169 880 2248 ός
899 2152 1013 2253 ἐπειδὴ
1041 2201 1085 2257 μη
1117 2173 1277 2281 εγνυλρισε
1301 2175 1339 2242 τλι

240 2262 360 2346 ἀτίμως
395 2259 480 2365 αύτῷ
514 2260 593 2368 κατὰ
620 2260 774 2342 βούλησιν
803 2262 1143 2368 συγκαταδικασθὲντα
1174 2260 1276 2346 λόγον
1301 2266 1338 2327 κτλ

240 2348 376 2455 ᾐτήσατο
404 2346 499 2456 χάριν
529 2339 573 2410 ὧν
595 2349 847 2454 ἐπλημμέλησεν,
880 2341 1009 2429 ἀφίεται
1031 2350 1085 2425 τῆς
1105 2353 1280 2456 βασιλείας
1298 2345 1338 2413 λλ·

239 2419 384 2519 λότριος,
407 2430 558 2515 οιλδεμίαν
580 2436 636 2496 τού
658 2457 735 2496 ποτε
754 2429 866 2510 ταύτης
884 2430 1052 2506 τεύξεσθαι
1072 2431 1165 2518 παρά
1184 2433 1337 2518 τοῦλόγου

240 2520 345 2604 λαβαίν
367 2519 551 2604 ἐπάγγελον.

234 2674 338 2746 ’Άλλο
363 2676 412 2754 εἰς
434 2669 477 2742 τὸ
500 2668 592 2741 αὐτὸ
616 2668 807 2764 θεώρημα

348 2792 414 2853 Καὶ
443 2784 540 2850 πάλιν
568 2782 723 2872 ληστῆς
709 2805 796 2849 εστιν
816 2777 990 2890 εύγνάμων
1018 2780 1036 2849 6
1063 2783 1125 2850 κόίν
1149 2784 1198 2852 ἔπ’
1222 2786 1296 2855 αιλτό
1314 2786 1336 2852 ιλ

242 2877 341 2958 πέρας
369 2879 420 2953 τῆς
448 2869 610 2956 παρούσης
638 2867 723 2957 αύτῷ
750 2867 920 2978 γενόμενος
946 2871 1023 2949 ζωῆς
1046 2869 1211 2937 ἰλθων’
1180 2899 1230 2952 εις
1251 2880 1337 2943 συναί-

242 2966 361 3040 σθησιν
382 2964 444 3024 τῶν
465 2959 749 3066 πλημμεληθεντων
773 2952 871 3064 αύτῷ,
903 2962 956 3021 καὶ
977 2960 1142 3040 γνωρίζων
1163 2960 1246 3044 μετά
1268 2965 1337 3029 συιί

242 3072 321 3123 σεως
353 3045 410 3110 τόν
445 3070 485 3108 επ
528 3040 613 3130 αύτῷ
647 3038 828 3116 δικαίως
805 3047 982 3151 ωρισμένον
1012 3042 1157 3154 ἰντριύθα
1185 3051 1242 3128 τῆς
1266 3054 1337 3159 θγίις

241 3140 374 3245 κρίσεως
409 3129 654 3214 συντελούμενον
689 3124 830 3238 6616
807 3127 921 3212 λόγον,
956 3135 1011 3193 καὶ
1040 3130 1143 3195 αἰτῶν
1171 3133 1337 3238 συγγνιίμιχ

242 3217 450 3327 εἰλικρινῶς
436 3243 470 3281 εκ
486 3159 614 3326 βάθδυς
628 3233 730 3322 ψυχης
750 3241 794 3279 ων
811 3214 955 3320 ἤμαρτεγ.
995 3209 1174 3326 Ἀγνιόμων
1191 3225 1229 3288 δὲ
1247 3219 1337 3326 ληστης

242 3307 328 3373 ἐστιν
351 3301 368 3369 6
392 3331 450 3369 κατ
480 3300 555 3366 αιλτδ
580 3299 615 3365 τό
638 3306 737 3383 πέρας
758 3306 811 3379 τῆς
832 3300 994 3386 παρούσης
1018 3299 1105 3390 αύτῷ
1129 3305 1211 3387 ζωῆς
1229 3307 1337 3392 γενόμτ

242 3419 296 3470 νος
322 3396 375 3457 καί
406 3389 461 3454 τόν
489 3387 567 3454 κατά
595 3391 717 3495 ψῆφον
735 3389 860 3464 δικαίαν
888 3392 943 3492 τοῦ
971 3392 1054 3452 θεοῦ
1082 3395 1222 3459 τεθέντα
1252 3421 1289 3461 σο
1311 3395 1337 3466 ὥς

243 3482 299 3544 τού
319 3481 479 3561 μερισμού
501 3480 553 3555 τῆς
573 3478 676 3557 ψυχῆς
697 3470 761 3537 άπὸ
787 3477 843 3537 τού
866 3473 1013 3557 σώματος
1028 3473 1135 3579 νόμον
1154 3506 1188 3544 τε
1208 3487 1263 3546 καλ
1279 3503 1337 3564 οροι

242 3563 285 3642 ὡς
305 3564 347 3650 μὴ
370 3566 472 3638 καλάς
494 3565 630 3628 δοθέντα
653 3558 707 3623 διά
729 3560 904 3644 φιλοζωΐαν
924 3558 1146 3644 μεμφόμενος.
1316 3604 1374 3839 χ

235 3706 341 3777 ’Ἁλλο
366 3707 415 3783 εἰς
437 3700 480 3773 τὸ
506 3698 597 3772 αὐτὸ
622 3699 814 3793 θεωρημα.

349 3824 410 3926 Καὶ
437 3815 536 3882 πάλιν
563 3814 778 3897 ἐπειδήπερ“
762 3842 894 3891 εκαστος
923 3813 1009 3924 ημῶν
1038 3819 1222 3896 διπλοῦς
1207 3848 1273 3887 εστι
1301 3818 1335 3898 166

244 3905 356 4009 (χύσιν,
380 3904 413 3968 ἐκ
435 3908 537 3989 ψυχῆς
559 3909 612 3968 καλ
635 3902 781 4011 στόματος
803 3901 973 3984 συνεστώς,
995 3901 1150 3989 λγστῆς’
1135 3932 1227 3973 εστιν
1249 3901 1336 3974 ὅκαθ

243 3993 388 4101 ὲκάτερρι
412 3994 472 4055 τάν
494 3983 575 4066 ἐξ
549 4016 592 4054 ων
614 3993 780 4069 συνέστηκε
802 3987 881 4054 κατὰ
904 3988 957 4068 τῆν
979 3993 1123 4095 θατέρου
1143 3993 1244 4106 φόρτιν
1262 3994 1335 4077 νόμον

244 4076 321 4161 ὑπὲρ
344 4075 454 4184 ιλρετῆς
475 4082 519 4181 τῷ
541 4075 625 4184 λόγῳ
646 4080 804 4160 μυστικῶς
827 4075 1121 4185 συσταυρρύμενος,
1150 4087 1207 4145 καλ
1232 4080 1282 4147 τδν
1292 4081 1334 4192 μὲν

245 4169 296 4243 τῆς
318 4163 436 4274 σαρκὸς
459 4161 558 4247 νόμον
579 4163 681 4267 ολςπερ
704 4161 876 4266 ἀγνώμονα
893 4160 1009 4250 ληστῆν
1026 4167 1077 4267 τῷ
1098 4165 1191 4275 λόγῳ
1215 4173 1267 4248 τῆς
1284 4164 1333 4271 ιίρι·

246 4255 296 4329 τῆς
319 4247 564 4330 υλντιπίπτοντα,
586 4244 641 4314 τόν
664 4252 699 4314 δὲ
720 4247 776 4313 τού
798 4248 976 4354 πνεύματος
996 4247 1100 4355 νόμον
1119 4253 1228 4350 άίςπερ
1245 4247 1333 4358 6666

244 4337 324 4420 ἔχων
352 4333 550 4420 ειλγνυίμονα,
579 4341 632 4399 καί
661 4334 717 4400 τόν
746 4338 872 4421 σωτῆρα
901 4333 999 4418 λόγον
1028 4332 1080 4399 διά
1115 4365 1180 4406 των
1203 4338 1279 4406 κατὰ
1297 4332 1332 4415 6¹
1375 4374 1376 4378 ¹
