2752 4778
1177 171 1227 259 112

120 355 241 428 dendo,
275 356 338 432 qui
354 353 433 415 alias
463 370 585 414 omnem
617 357 825 433 coguitionem
845 371 902 415 sua
926 359 1034 417 nutura
1056 357 1231 458 complecti-

120 451 181 520 tor;
213 445 258 504 ita
281 442 422 502 nimirum
445 441 607 516 dispiceret
629 447 775 516 quantum
800 447 830 500 el
852 457 868 500 u
888 442 976 501 nobis
996 443 1078 520 exigi
1096 459 1229 518 aequum

120 531 206 602 ioret,
237 534 268 591 et
291 532 438 605 quantum
461 526 644 601 condonari,
677 528 714 588 ad
740 517 903 604 perfectam
924 528 1145 628 obedientium3
1174 547 1230 607 per

120 618 197 679 hanc
227 617 309 676 enim
339 629 393 675 eos
424 630 480 675 suo
510 613 587 689 patri
610 613 761 674 adducere
784 614 860 674 solet
883 616 931 688 qui
956 615 1062 675 salule
1080 615 1163 692 digni
1186 618 1230 675 vl-

120 703 278 764 dehantur.
325 701 421 775 Quam
440 716 607 778 magnum,
630 717 721 775 quam
742 716 813 760 vere
832 700 1023 761 tremendum
1042 707 1090 761 est
1106 708 1228 764 nostrae

120 791 224 852 salutis
261 786 463 866 mysteriuml'
519 786 649 847 Tantum
686 805 703 847 a
738 787 825 846 nobis
855 788 986 864 exigitur
1015 793 1159 862 quantum
1191 793 1228 850 ah

120 879 183 954 ipso
205 879 237 936 in
261 878 366 936 nostra
389 879 498 934 natura
521 874 693 934 constituto.
744 871 807 932 Nisi
827 872 903 933 iorte
926 874 977 933 uhi
1000 867 1175 937 voluntatis·
1190 877 1228 951 ad

120 969 278 1040 peccatum
299 976 414 1038 pronae
436 960 591 1021 inclinatio
615 965 741 1020 naturae
764 958 967 1020 imbecillitate
990 960 1029 1020 ad
1049 961 1121 1021 mali
1139 977 1229 1022 oeca-

120 1053 237 1111 sionem
267 1049 417 1109 abutatur.
474 1045 569 1107 Huius
598 1048 748 1122 opinionis
772 1045 932 1107 manifesto
956 1051 1003 1106 est
1026 1063 1157 1126 magnus
1179 1047 1230 1108 hio

120 1138 281 1214 magister,
312 1148 441 1209 eamque
469 1134 498 1190 in
527 1134 724 1207 sequentibus
753 1133 921 1192 conlirmal.
973 1131 1066 1203 ‚Nam
1090 1151 1158 1195 cum
1181 1135 1230 1194 lu·
1261 1126 1265 1131 ’

120 1240 184 1284 tem
212 1221 297 1282 illam
326 1224 449 1297 propter
471 1220 608 1295 corporis
631 1224 841 1298 tegumentum
864 1220 894 1278 in
918 1220 1068 1293 lenehris,
1098 1221 1157 1281 hoc
1180 1227 1230 1282 eet

120 1313 145 1370 ln
168 1309 232 1370 hac
252 1309 332 1378 vita,
361 1307 486 1376 locens,
516 1300 660 1371 tenebrae
689 1307 783 1376 aliae,
801 1305 873 1367 -lroc
903 1310 950 1366 est
978 1321 1091 1380 pravus
1120 1306 1171 1366 ille
1198 1314 1229 1367 et

120 1401 249 1457 tentator
276 1395 446 1455 insectatus
475 1393 530 1462 sit,
562 1398 675 1467 quanto
705 1394 803 1470 magis
827 1393 969 1455 tenebras
991 1393 1092 1468 ipsas,
1123 1399 1228 1469 utpote

120 1479 321 1543 infirmiores?
389 1479 424 1539 lit
453 1479 524 1554 quid
553 1480 677 1554 mirum,
714 1481 741 1539 si
770 1496 837 1540 cum
868 1479 917 1538 ille
945 1476 1072 1556 hostiles
1100 1480 1228 1555 laqueos

120 1569 242 1630 omnino
265 1565 418 1644 effugerit,
441 1582 498 1624 nos
522 1565 744 1640 quadamtenus
767 1559 1085 1641 comprehendamur?
1127 1565 1227 1626 Maius

120 1657 229 1732 qnippe
251 1654 293 1714 illi
316 1659 380 1723 est,
410 1651 491 1726 quod
513 1652 612 1712 hostis
635 1667 704 1712 eum
725 1657 906 1729 persecutus
928 1653 992 1727 sil,
1016 1668 1106 1727 quam
1129 1653 1227 1728 nohis,

120 1741 200 1818 quod
228 1756 287 1801 nos
317 1745 503 1814 assequatur
530 1743 623 1812 atque
651 1738 905 1814 comprehendat,
937 1738 1019 1814 apud
1048 1755 1102 1798 eos
1125 1740 1228 1816 utique

120 1831 168 1903 qui
190 1827 270 1888 hoec
293 1831 376 1886 recta
399 1827 515 1885 ratione
538 1825 752 1932 perpendunl‘
1237 1822 1238 1825 ’

120 2017 173 2091 In
202 2019 297 2120 epist
282 2016 398 2091 talam
439 2013 474 2088 S.
511 2013 703 2116 Dionysii.
722 2015 959 2116 Areopagitae
998 2014 1228 2095 Athenarum

169 2120 330 2243 episcopi
364 2119 410 2192 ad
444 2114 575 2192 Caium
607 2120 840 2195 monachum.
901 2117 1183 2240 ,Quomod0,
1174 2146 1227 2193 rn·
1278 2150 1321 2189 <r

169 2227 269 2324 quia,
298 2224 399 2297 lesus
425 2223 488 2322 qui
513 2233 569 2296 est
591 2223 763 2297 omnibus
788 2224 972 2321 superior,
1008 2225 1046 2295 in
1069 2222 1227 2296 eundem

169 2354 255 2403 oum
276 2328 406 2402 ceteris
427 2325 641 2401 hominibus
663 2327 838 2401 essentiae
865 2327 1032 2400 ordinem
1058 2326 1227 2400 redactus

170 2432 248 2506 est?
323 2429 451 2528 Neque
487 2430 585 2503 enim
616 2431 731 2504 hoc
721 2456 759 2503 rn
793 2431 874 2504 loco
908 2425 1083 2528 tanquam
1119 2453 1226 2502 causa

167 2536 363 2609 hominum
398 2533 665 2627 consideratur,
704 2533 768 2607 sed
800 2543 842 2606 ut
867 2557 933 2651 per
957 2533 1151 2648 essentiam
1172 2542 1224 2605 to

167 2649 244 2712 tom
269 2663 309 2713 re
334 2639 413 2736 ipsa
436 2637 570 2722 hornof
1311 2648 1313 2653 ’

185 2773 477 2848 Quandoquidem
516 2773 685 2834 secundum
722 2774 888 2849 simplicem
924 2789 1031 2835 sacrae
1059 2777 1227 2852 scripturae

120 2862 304 2922 intellectum
333 2860 409 2920 deus
440 2860 544 2920 eliam..
558 2860 772 2920 denominatus
802 2862 840 2920 ah
869 2863 1011 2921 omnihus
1035 2864 1227 2936 rebusquas

120 2948 275 3025 produxit,
299 2947 412 3007 idcirco
430 2951 500 3021 post
517 2947 757 3008 incarnationem
777 2949 867 3007 eliam
892 2948 999 3008 eodem
1023 2950 1113 3008 modo
1136 2949 1227 3010 deam

120 3036 230 3096 dietum
258 3034 354 3095 luisse
381 3033 536 3092 hominem
566 3050 605 3094 ne
627 3033 703 3094 forte
725 3033 918 3094 existimaret·
935 3035 1024 3109 Caius
1048 3035 1228 3107 monachus,

120 3121 164 3182 his
183 3121 285 3182 verbis
305 3135 375 3181 eum
394 3120 515 3180 instruit
533 3119 859 3198 magnus'Dionysius.
893 3119 1029 3182 Ostendit
1047 3123 1126 3180 enim
1147 3121 1227 3195 quod

120 3209 332 3269 aniversomm
360 3206 436 3269 deus
467 3208 504 3271 ab
528 3206 742 3269 incarnatione
761 3223 821 3266 non
845 3208 1019 3284 simpliciter
1042 3206 1151 3267 dicitur
1173 3207 1228 3266 ho·

120 3311 183 3366 mo,
214 3293 269 3354 sed
299 3299 361 3354 tota
392 3294 527 3353 essentia
551 3298 580 3354 et
602 3309 674 3354 aere
696 3292 796 3353 homo.
855 3292 940 3353 Hanc
963 3293 1131 3354 essentiam
1155 3292 1228 3351 nihil

120 3380 200 3442 aliod
237 3394 310 3440 vere
345 3379 494 3448 declarat,
529 3386 650 3455 praeter
685 3383 783 3440 solam
815 3379 897 3439 illam
925 3380 1110 3456 potentiam,
1149 3393 1228 3452 quae

120 3470 214 3545 ipsius
237 3469 379 3527 naturum
401 3466 569 3541 constituit3
599 3483 667 3527 eam
692 3468 806 3542 siquis
830 3467 999 3527 naturalem
1022 3467 1228 3541 operationem

120 3555 243 3629 dixerit,
274 3568 335 3612 non
366 3553 510 3623 multum,
540 3554 702 3629 opinor,
696 3570 713 3610 a
744 3569 838 3629 scopo
869 3553 1068 3614 aberraverit:
1103 3567 1173 3612 nam
1198 3557 1229 3622 et

120 3657 186 3703 eam
215 3640 337 3717 proprie
367 3645 397 3699 et
419 3640 515 3715 primo
545 3639 664 3714 delinit,
701 3645 806 3715 utpote
836 3641 902 3700 eius
931 3639 1071 3715 specifica
1094 3644 1138 3711 et
1147 3652 1229 3729 conr·

120 3729 221 3789 munis
252 3726 405 3803 operatio,
434 3727 470 3784 in
495 3742 554 3801 qua
582 3728 681 3785 omnis
711 3727 738 3786 ei
761 3727 939 3787 naturaliter
962 3712 1144 3800 competens
1160 3712 1230 3798 prh'-

120 3812 231 3892 prietas
255 3810 538 3889 comprehenditur,
563 3818 648 3872 extra
674 3828 764 3886 qumn
788 3813 862 3872 nihil
887 3819 933 3872 est
956 3817 1075 3888 praeter
1096 3809 1126 3869 ld
1151 3808 1229 3885 quod

121 4008 160 4059 25.
179 4006 265 4057 Verba
288 4003 512 4074 συγχωρούαεθα
533 4032 561 4042 -
584 4033 617 4044 -
642 4001 671 4054 ro*
697 3998 760 4054 καθ’
786 4003 873 4072 ἡμᾶς,
908 4021 973 4070 quae
1000 4003 1210 4056 desiderantur
1204 4016 1229 4052 m

122 4076 162 4127 ed
181 4075 247 4134 Gal,
272 4075 377 4139 reposui
395 4093 428 4127 ex
446 4077 505 4127 cod.
526 4077 593 4127 [lud
658 4075 700 4128 26.
726 4076 851 4132 excretus
871 4075 911 4127 ed.
933 4073 988 4126 Gal
1053 4075 1096 4126 al.
1114 4068 1163 4128 καὶ
1181 4087 1232 4124 κα

122 4142 326 4212 ταληφθείημεν
344 4142 385 4199 cd
405 4144 461 4197 Gai.
514 4146 555 4197 28
577 4142 712 4212 δοχθήναι
730 4144 772 4197 ed.
793 4142 847 4195 Gal.

189 4229 213 4278 i.
236 4221 320 4292 aptae
338 4226 410 4278 addit
433 4228 474 4282 ed.
495 4229 550 4280 Gal
609 4229 633 4279 ⁴2
654 4222 729 4276 iuria
746 4218 905 4308 ἀνθρώποις
922 4227 963 4282 ed
969 4221 1039 4285 Gal.
1098 4225 1122 4277 3.
1141 4219 1232 4292 μόνον

125 4296 161 4346 ed.
181 4296 236 4348 aar
289 4297 314 4346 4.
334 4290 443 4368 ἁμάρτῃ
464 4299 503 4350 ed
524 4298 579 4352 Gal.
634 4299 657 4346 5.
677 4290 847 4362 aspernantia
865 4296 905 4346 ed.
921 4297 976 4350 Gal
1014 4296 1079 4347 llinc
1098 4295 1231 4359 corrigen-

128 4363 196 4415 ἂι·
175 4381 231 4416 eros
249 4365 347 4416 versia.

967 4418 1038 4493 Ἥ
