2752 4778
1059 201 1131 279 itt

10 382 159 449 mutuus
186 383 281 460 plane
307 384 501 460 abiecerunt,
530 400 585 460 per
607 384 765 447 relativam
787 387 817 445 in
841 383 1001 448 allectione
1023 403 1132 462 opara-

10 470 151 547 mem,
188 475 221 531 et
252 484 309 547 per
341 471 441 532 solum
473 471 660 532 intellectum
692 471 835 534 ineffabili
868 473 959 534 modo
991 490 1058 534 eam
1092 473 1132 534 ad

10 552 113 645 lenm
133 556 459 635 accommodaverunt,
483 574 614 633 quocum
637 564 747 629 totam,
769 565 917 635 tanquam
937 559 1052 619 formae
1071 561 1132 635 pri-

10 643 173 729 manaa
187 644 367 722 :imaginem
395 649 458 705 tam
488 653 590 707 mente
617 661 709 722 quam
733 648 850 707 ratione
874 662 911 706 ac
933 647 1056 722 spiritu,
1085 648 1134 704 in··

10 729 287 807 tempranensibili
310 730 401 791 modo
422 732 554 806 unitam,
589 737 623 793 ut
646 747 724 808 quae
746 732 975 793 similitudinem
996 732 1133 793 hnmano
1171 736 1175 743 '

10 817 130 895 captui
144 826 252 893 parem
273 817 416 903 haberet,
448 818 604 892 videntes,
633 821 782 880 unitatem
808 822 837 879 in
860 821 993 879 trinitate
1016 819 1132 880 intelle-

10 906 101 969 «am
135 905 269 981 mystice
295 903 476 965 didicerunt.
541 904 686 966 Fortasse
716 922 788 966 vero
817 907 908 966 etiarn
940 908 1074 966 animum
1102 911 1133 968 et

11 990 304 1067 wbenpisoentiam
327 991 515 1053 rnaterialem
538 991 668 1068 dyadem
691 993 857 1069 appellavit
878 994 1041 1070 magister,
1062 1009 1133 1068 pro-

10 1080 128 1163 perea
159 1077 242 1154 quod
275 1079 420 1139 materiae
453 1078 645 1139 adhaereant
677 1081 800 1154 sintque
832 1081 978 1156 passivae
1011 1079 1132 1140 animae

10 1164 115 1243 partis
137 1169 323 1240 potestates,
346 1180 425 1240 quae
446 1181 516 1226 cum
537 1167 655 1226 ratione
674 1166 819 1227 seditiose
838 1167 1025 1226 contendant
1044 1182 1132 1226 men·

14 1254 144 1327 umque
170 1251 202 1311 in
232 1251 330 1313 multa
358 1251 529 1313 distrahere
552 1253 686 1328 possint,
720 1254 779 1312 nisi
801 1254 839 1312 ab
861 1253 945 1313 initio
968 1254 1024 1313 sibi
1046 1268 1132 1313 coer.

12 1334 118 1399 aaut
148 1353 203 1398 eas
236 1345 329 1415 atque
362 1339 578 1418 subiugaverit.
647 1339 730 1412 Quas
764 1340 791 1399 si
825 1341 892 1415 quis
928 1340 1073 1401 devicerit
1102 1343 1133 1400 et

16 1436 143 1487 currere
172 1439 233 1500 quo
261 1424 375 1486 debent
401 1426 447 1486 eis
468 1426 671 1502 persuaserit,
702 1426 781 1488 adeo
803 1432 838 1487 ut
859 1427 984 1486 rationis
1005 1427 1131 1503 imperio

18 1511 181 1573 marsuae
202 1517 387 1588 appareant,
418 1517 471 1573 aut
493 1513 583 1572 etiam
607 1512 731 1573 omnino
753 1507 1000 1588 reliquentem,
1028 1519 1060 1573 et
1082 1529 1134 1573 so-

15 1596 75 1659 lvts'·
96 1601 244 1659 teneatur
267 1597 411 1659 'rationali
441 1605 471 1660 et
493 1599 728 1677 contemplative
751 1615 829 1674 quoe
850 1601 881 1659 in
904 1607 1043 1661 neutram
1062 1615 1134 1676 par·

16 1688 83 1747 iem
109 1689 220 1762 vergat
246 1685 419 1746 secundum
442 1687 598 1747 caritatem
622 1687 759 1763 gnostico
785 1687 945 1759 illecebra,
979 1687 1017 1747 ad
1040 1702 1132 1746 unam

18 1774 59 1831 at·
78 1769 177 1831 salam
206 1786 247 1832 ex
267 1773 370 1833 multis
394 1788 523 1847 eamque
545 1788 653 1848 puram
676 1778 707 1832 et
728 1773 897 1849 simplicem
920 1780 951 1834 et
972 1773 1133 1833 indivisam

18 1842 68 1917 'vl's
94 1855 137 1918 de
163 1859 303 1934 appetitu
330 1858 514 1920 fortissimae
543 1860 708 1919 motionem
736 1866 928 1936 contractus,
964 1876 1025 1935 qna
1054 1860 1133 1918 circa

19 1940 113 2004 ham
142 1949 290 2022 perpetuo
317 1945 348 2004 in
376 1945 532 2008 identitate
560 1947 705 2047 perennis
735 1948 888 2023 oppertus
910 1948 1053 2008 motionis
1077 1947 1134 2006 sibi

19 2028 217 2099 stabilitatem
251 2031 461 2110 philosophice
493 2032 639 2106 firmavit,
673 2034 698 2093 is
732 2049 840 2093 revera
869 2034 977 2094 beatus
1007 2039 1070 2105 est,
1104 2038 1135 2091 et

18 2116 126 2194 attigit·
150 2132 214 2178 non
247 2134 352 2179 veram
385 2119 485 2180 solum
515 2123 547 2178 et
576 2121 696 2178 beatam
725 2120 894 2179 unitionem
924 2136 993 2180 oum
1024 2123 1133 2178 sancta

17 2202 169 2279 marum,
199 2204 255 2264 sed
284 2206 433 2267 unitatem
462 2221 583 2281 quoque
610 2207 640 2264 in
664 2212 774 2266 sancta
794 2207 929 2266 trinitate
950 2205 1132 2274 intellectae,

18 2289 153 2367 slanplex
180 2290 322 2352 videlicet
348 2297 378 2352 et
400 2291 548 2353 indivisus
572 2298 603 2353 et
623 2292 781 2352 uniformis
804 2293 975 2353 secundum
996 2296 1133 2367 potesta·

17 2380 82 2437 tam
112 2392 183 2438 cum
213 2376 342 2454 simplici
370 2379 541 2439 secundum
570 2380 739 2440 essentiam
768 2384 798 2439 et
825 2379 957 2440 indivisa
984 2377 1037 2438 illa
1059 2392 1132 2438 con·

17 2476 164 2541 gressus,
188 2468 219 2524 et
241 2465 410 2547 secundum
434 2465 568 2527 habitum
586 2467 730 2527 virtutum
752 2467 919 2526 bonitatem
937 2467 995 2525 sibi
1012 2479 1133 2541 semper

17 2553 214 2611 constantem
243 2566 297 2627 pro
326 2553 439 2615 viribus
469 2554 534 2613 suis
564 2551 752 2628 aemulatus,
783 2555 966 2629 proprietate
995 2555 1133 2628 potesta-

17 2641 83 2697 tum
106 2634 287 2699 naturaliter
308 2637 500 2700 divisibilium
525 2655 578 2716 per
601 2641 729 2717 gratiam
751 2640 829 2700 uniti
851 2639 900 2699 dei
921 2638 1071 2716 deposita.

17 2816 223 2895 Enarratur
251 2822 298 2897 de
328 2821 498 2921 passibili
521 2823 682 2917 animae,
717 2824 835 2925 deque
858 2824 1133 2902 universalibus

68 2924 151 3001 eius
172 2924 420 3002 divisionibus
442 2936 477 3002 et
500 2924 829 3004 subdivisionibus

128 3074 275 3137 Dividitur
296 3078 395 3154 enlm,
418 3078 593 3151 abdicant,
616 3081 738 3142 animae
761 3079 932 3155 passibile
925 3096 956 3139 rn
975 3094 1044 3141 eam
1063 3097 1133 3157 par·

17 3168 81 3225 tem
103 3177 185 3239 quae
207 3165 318 3225 rationi
340 3164 464 3227 oboedit
489 3167 572 3228 etin
595 3182 665 3228 eam
688 3182 768 3242 quae
790 3183 851 3227 non
875 3166 995 3226 oboedit
1014 3168 1131 3227 rationi.

17 3252 121 3326 atque
149 3266 218 3312 earn
249 3252 299 3326 qui
327 3267 389 3312 non
420 3253 543 3313 oboedir
572 3255 680 3315 rationi
703 3253 841 3315 dividunt
862 3255 892 3314 in
916 3269 984 3314 earn
1007 3254 1060 3328 qul
1081 3252 1134 3312 alit

18 3342 50 3399 at
69 3338 197 3411 nulrit,
220 3352 312 3414 quam
333 3339 494 3416 physicam
516 3339 687 3417 appellent,
725 3347 756 3402 et
778 3342 813 3401 in
832 3340 1007 3417 physicam,
1042 3354 1131 3414 quam

18 3423 176 3503 appellant
210 3424 347 3500 vitalem,
384 3432 513 3502 quarum
548 3432 658 3489 neutra
687 3429 795 3488 rationi
825 3427 992 3489 oboediens
1023 3427 1132 3503 agitur,

17 3524 80 3571 non
110 3510 280 3573 oboediens
308 3528 380 3572 vero
407 3514 517 3573 rationi
545 3513 613 3574 ideo
643 3514 815 3590 appellatur
838 3515 908 3589 qula
931 3529 993 3573 non
1014 3514 1133 3573 ratione

18 3597 131 3673 agitur
183 3596 329 3659 Crescere
356 3600 454 3672 enirn,
484 3599 533 3660 vel
563 3601 643 3661 buna
663 3600 838 3661 valetudine
859 3602 919 3676 uti,
950 3599 998 3660 vel
1021 3599 1131 3674 vivere,

18 3698 81 3743 aaa
109 3698 207 3759 penes
237 3700 294 3745 nos
322 3691 379 3746 est
431 3685 487 3746 llla
515 3694 617 3746 autem
641 3702 721 3762 quae
742 3687 853 3748 rationi
875 3686 998 3747 oboedir
1018 3687 1048 3744 ln
1070 3683 1133 3745 duc

18 3766 177 3844 dividitur,
211 3771 242 3831 ln
271 3772 571 3849 concupiscentivum
605 3778 636 3833 et
666 3772 897 3851 indignativum
960 3769 1132 3832 Oboediens

20 3869 93 3915 varo
113 3857 223 3917 rationi
246 3864 357 3918 vocant
379 3860 451 3934 quia
473 3860 610 3920 rationi
603 3876 633 3918 m
658 3859 746 3919 bonis
769 3864 880 3938 agatur
904 3864 935 3920 et
956 3859 1132 3919 subiciatur.

18 3938 140 4003 liursna
169 3945 470 4020 concupiscentivum
501 3944 676 4006 dividunt
668 3963 698 4005 rn
722 3945 910 4021 voluptatem
933 3951 964 4005 et
985 3945 1131 4004 dolorem
1146 4008 1151 4020 ,

19 4027 276 4105 concupiscenda
305 4033 386 4093 enlm
416 4033 477 4092 voli
508 4033 556 4092 sui
578 4047 704 4108 compos
727 4031 914 4108 voluptatem
936 4030 1040 4108 allicit,
1071 4046 1132 4092 non

19 4130 147 4192 compos
167 4115 315 4178 dolorem.
375 4118 411 4178 Et
432 4135 540 4180 rursus
564 4119 734 4180 secundum
756 4118 849 4179 aliurn
873 4119 997 4180 modum
1020 4133 1133 4181 cuncu-

18 4202 200 4279 piscentlam
228 4202 354 4265 tradunt
382 4205 511 4267 divisam
541 4211 670 4282 quatuor
697 4221 758 4266 una
782 4221 850 4266 curn
874 4221 909 4267 se
929 4207 995 4283 ipsa
1018 4205 1132 4268 formas

19 4288 140 4351 eiicere
161 4290 340 4367 universas,
369 4293 665 4368 concupiscentiam,
696 4293 899 4369 voluptatem,
922 4297 1054 4367 metum,
1078 4292 1133 4351 do-

18 4374 125 4439 lorem.
170 4374 308 4454 Cumque
328 4393 431 4441 rarum
453 4395 528 4455 pars
552 4379 632 4442 bona
655 4381 709 4454 sit,
740 4396 813 4456 pars
835 4379 936 4451 mala,
958 4378 1038 4440 haec
1060 4393 1133 4438 vero
