<?xml version="1.0" encoding="UTF-8"?>
<!DOCTYPE html PUBLIC "-//W3C//DTD XHTML 1.0 Transitional//EN"
    "http://www.w3.org/TR/xhtml1/DTD/xhtml1-transitional.dtd">
<html xmlns="http://www.w3.org/1999/xhtml" xml:lang="en" lang="en">
 <head>
  <title>
</title>
<meta http-equiv="Content-Type" content="text/html;charset=utf-8" />
  <meta name='ocr-system' content='tesseract 3.04.00' />
  <meta name='ocr-capabilities' content='ocr_page ocr_carea ocr_par ocr_line ocrx_word'/>
</head>
<body>
  <div class='ocr_page' id='page_1' title='image "./sanctipatrisnos00maxigoog_0302.png"; bbox 0 0 2752 4778; ppageno 0'>
   <div class='ocr_carea' id='block_1_1' title="bbox 1092 140 1172 245">
    <p class='ocr_par' dir='ltr' id='par_1_1' title="bbox 1092 140 1172 245">
     <span class='ocr_line' id='line_1_1' title="bbox 1092 140 1172 245; baseline 0 0"><span class='ocrx_word' id='word_1_1' title='bbox 1092 140 1172 245; x_wconf 76' lang='lat' dir='ltr'><strong>eci</strong></span> 
     </span>
    </p>
   </div>
   <div class='ocr_carea' id='block_1_2' title="bbox 38 352 1236 4150">
    <p class='ocr_par' dir='ltr' id='par_1_2' title="bbox 38 352 1236 4150">
     <span class='ocr_line' id='line_1_2' title="bbox 52 352 1168 432; baseline -0.002 -11"><span class='ocrx_word' id='word_1_2' title='bbox 52 370 127 421; x_wconf 82' lang='lat' dir='ltr'><strong>crim</strong></span> <span class='ocrx_word' id='word_1_3' title='bbox 150 361 253 420; x_wconf 87' lang='lat' dir='ltr'><strong>autam</strong></span> <span class='ocrx_word' id='word_1_4' title='bbox 288 354 381 416; x_wconf 89' lang='lat' dir='ltr'><strong>domo</strong></span> <span class='ocrx_word' id='word_1_5' title='bbox 417 352 614 432; x_wconf 88' lang='lat' dir='ltr'><strong>egrediuntur</strong></span> <span class='ocrx_word' id='word_1_6' title='bbox 649 352 825 416; x_wconf 82' lang='lat' dir='ltr'><strong>domesticis</strong></span> <span class='ocrx_word' id='word_1_7' title='bbox 860 355 983 417; x_wconf 84' lang='lat' dir='ltr'><strong>tradunt</strong></span> <span class='ocrx_word' id='word_1_8' title='bbox 1017 357 1168 432; x_wconf 85' lang='lat' dir='ltr'><strong>portenda</strong></span> 
     </span>
     <span class='ocr_line' id='line_1_3' title="bbox 50 440 1169 521; baseline -0.003 -14"><span class='ocrx_word' id='word_1_9' title='bbox 50 444 208 521; x_wconf 78' lang='lat' dir='ltr'><strong>serviatis,</strong></span> <span class='ocrx_word' id='word_1_10' title='bbox 238 443 268 503; x_wconf 89' lang='lat' dir='ltr'><strong>in</strong></span> <span class='ocrx_word' id='word_1_11' title='bbox 297 442 380 503; x_wconf 89' lang='lat' dir='ltr'><strong>huuc</strong></span> <span class='ocrx_word' id='word_1_12' title='bbox 407 441 532 502; x_wconf 87' lang='lat' dir='ltr'><strong>modum</strong></span> <span class='ocrx_word' id='word_1_13' title='bbox 563 442 655 501; x_wconf 90' lang='lat' dir='ltr'><strong>etium</strong></span> <span class='ocrx_word' id='word_1_14' title='bbox 685 440 827 501; x_wconf 90' lang='lat' dir='ltr'><strong>dominus</strong></span> <span class='ocrx_word' id='word_1_15' title='bbox 849 447 954 502; x_wconf 88' lang='lat' dir='ltr'><strong>noster</strong></span> <span class='ocrx_word' id='word_1_16' title='bbox 975 442 1061 504; x_wconf 90' lang='lat' dir='ltr'><strong>lesus</strong></span> <span class='ocrx_word' id='word_1_17' title='bbox 1081 443 1169 504; x_wconf 74' lang='lat' dir='ltr'><strong>Chri·</strong></span> 
     </span>
     <span class='ocr_line' id='line_1_4' title="bbox 52 528 1236 604; baseline -0.002 -13"><span class='ocrx_word' id='word_1_18' title='bbox 52 536 125 593; x_wconf 80' lang='lat' dir='ltr'><strong>stus</strong></span> <span class='ocrx_word' id='word_1_19' title='bbox 146 529 349 592; x_wconf 87' lang='lat' dir='ltr'><strong>humanitatis</strong></span> <span class='ocrx_word' id='word_1_20' title='bbox 370 533 514 604; x_wconf 90' lang='lat' dir='ltr'><strong>respectu</strong></span> <span class='ocrx_word' id='word_1_21' title='bbox 534 528 648 604; x_wconf 91' lang='lat' dir='ltr'><strong>proprii</strong></span> <span class='ocrx_word' id='word_1_22' title='bbox 669 528 756 604; x_wconf 86' lang='lat' dir='ltr'><strong>regui</strong></span> <span class='ocrx_word' id='word_1_23' title='bbox 778 528 916 603; x_wconf 82' lang='lat' dir='ltr'><strong>symbola</strong></span> <span class='ocrx_word' id='word_1_24' title='bbox 938 546 1058 589; x_wconf 91' lang='lat' dir='ltr'><strong>crucem</strong></span> <span class='ocrx_word' id='word_1_25' title='bbox 1081 546 1168 591; x_wconf 88' lang='lat' dir='ltr'><strong>suam</strong></span> <span class='ocrx_word' id='word_1_26' title='bbox 1227 582 1236 603; x_wconf 78' lang='lat'><strong>,</strong></span> 
     </span>
     <span class='ocr_line' id='line_1_5' title="bbox 50 615 1169 694; baseline -0.002 -15"><span class='ocrx_word' id='word_1_27' title='bbox 50 617 174 694; x_wconf 86' lang='lat' dir='ltr'><strong>accepit</strong></span> <span class='ocrx_word' id='word_1_28' title='bbox 196 622 227 677; x_wconf 84' lang='lat' dir='ltr'><strong>et</strong></span> <span class='ocrx_word' id='word_1_29' title='bbox 249 631 395 693; x_wconf 89' lang='lat' dir='ltr'><strong>egressus</strong></span> <span class='ocrx_word' id='word_1_30' title='bbox 417 615 446 672; x_wconf 93' lang='lat' dir='ltr'><strong>in</strong></span> <span class='ocrx_word' id='word_1_31' title='bbox 465 615 600 674; x_wconf 89' lang='lat' dir='ltr'><strong>humeris</strong></span> <span class='ocrx_word' id='word_1_32' title='bbox 618 615 765 689; x_wconf 87' lang='lat' dir='ltr'><strong>portavit,</strong></span> <span class='ocrx_word' id='word_1_33' title='bbox 788 615 979 690; x_wconf 90' lang='lat' dir='ltr'><strong>primumque</strong></span> <span class='ocrx_word' id='word_1_34' title='bbox 996 616 1063 692; x_wconf 93' lang='lat' dir='ltr'><strong>ipse</strong></span> <span class='ocrx_word' id='word_1_35' title='bbox 1082 617 1169 677; x_wconf 87' lang='lat' dir='ltr'><strong>baiu-</strong></span> 
     </span>
     <span class='ocr_line' id='line_1_6' title="bbox 52 700 1169 779; baseline -0.004 -12"><span class='ocrx_word' id='word_1_36' title='bbox 52 704 150 779; x_wconf 81' lang='lat' dir='ltr'><strong>lavit,</strong></span> <span class='ocrx_word' id='word_1_37' title='bbox 181 701 293 763; x_wconf 91' lang='lat' dir='ltr'><strong>deinde</strong></span> <span class='ocrx_word' id='word_1_38' title='bbox 320 701 408 762; x_wconf 89' lang='lat' dir='ltr'><strong>alteri</strong></span> <span class='ocrx_word' id='word_1_39' title='bbox 436 700 537 772; x_wconf 80' lang='lat' dir='ltr'>dedit,</span> <span class='ocrx_word' id='word_1_40' title='bbox 569 700 628 760; x_wconf 91' lang='lat' dir='ltr'><strong>hac</strong></span> <span class='ocrx_word' id='word_1_41' title='bbox 656 717 689 758; x_wconf 90' lang='lat' dir='ltr'><strong>re</strong></span> <span class='ocrx_word' id='word_1_42' title='bbox 712 701 889 776; x_wconf 81' lang='lat' dir='ltr'><strong>significans</strong></span> <span class='ocrx_word' id='word_1_43' title='bbox 913 717 982 762; x_wconf 88' lang='lat' dir='ltr'><strong>eum</strong></span> <span class='ocrx_word' id='word_1_44' title='bbox 1005 704 1052 762; x_wconf 92' lang='lat' dir='ltr'><strong>cui</strong></span> <span class='ocrx_word' id='word_1_45' title='bbox 1074 703 1169 779; x_wconf 85' lang='lat' dir='ltr'><strong>impe·</strong></span> 
     </span>
     <span class='ocr_line' id='line_1_7' title="bbox 51 787 1169 865; baseline -0.002 -14"><span class='ocrx_word' id='word_1_46' title='bbox 51 791 136 851; x_wconf 89' lang='lat' dir='ltr'><strong>rium</strong></span> <span class='ocrx_word' id='word_1_47' title='bbox 174 788 337 849; x_wconf 72' lang='lat' dir='ltr'><strong>mandetur</strong></span> <span class='ocrx_word' id='word_1_48' title='bbox 373 787 484 848; x_wconf 90' lang='lat' dir='ltr'><strong>debere</strong></span> <span class='ocrx_word' id='word_1_49' title='bbox 519 788 648 862; x_wconf 86' lang='lat' dir='ltr'><strong>primurn</strong></span> <span class='ocrx_word' id='word_1_50' title='bbox 676 788 793 862; x_wconf 91' lang='lat' dir='ltr'><strong>praeire</strong></span> <span class='ocrx_word' id='word_1_51' title='bbox 823 789 867 848; x_wconf 91' lang='lat' dir='ltr'><strong>eis</strong></span> <span class='ocrx_word' id='word_1_52' title='bbox 896 789 946 861; x_wconf 86' lang='lat' dir='ltr'><strong>qui</strong></span> <span class='ocrx_word' id='word_1_53' title='bbox 975 804 1012 848; x_wconf 91' lang='lat' dir='ltr'><strong>eo</strong></span> <span class='ocrx_word' id='word_1_54' title='bbox 1042 790 1169 865; x_wconf 91' lang='lat' dir='ltr'><strong>imperio</strong></span> 
     </span>
     <span class='ocr_line' id='line_1_8' title="bbox 54 872 1168 952; baseline -0.002 -15"><span class='ocrx_word' id='word_1_55' title='bbox 54 876 209 937; x_wconf 74' lang='lat' dir='ltr'>ducantur</span> <span class='ocrx_word' id='word_1_56' title='bbox 238 879 331 950; x_wconf 86' lang='lat' dir='ltr'><strong>atque</strong></span> <span class='ocrx_word' id='word_1_57' title='bbox 360 874 436 933; x_wconf 92' lang='lat' dir='ltr'><strong>tueri</strong></span> <span class='ocrx_word' id='word_1_58' title='bbox 466 890 519 933; x_wconf 91' lang='lat' dir='ltr'><strong>eos</strong></span> <span class='ocrx_word' id='word_1_59' title='bbox 551 874 602 947; x_wconf 87' lang='lat' dir='ltr'><strong>qui</strong></span> <span class='ocrx_word' id='word_1_60' title='bbox 623 872 665 930; x_wconf 95' lang='lat' dir='ltr'><strong>illi</strong></span> <span class='ocrx_word' id='word_1_61' title='bbox 689 872 871 934; x_wconf 91' lang='lat' dir='ltr'><strong>addicuntur</strong></span> <span class='ocrx_word' id='word_1_62' title='bbox 893 873 950 952; x_wconf 85' lang='lat' dir='ltr'><strong>(ita</strong></span> <span class='ocrx_word' id='word_1_63' title='bbox 973 876 1053 935; x_wconf 89' lang='lat' dir='ltr'><strong>enim</strong></span> <span class='ocrx_word' id='word_1_64' title='bbox 1076 876 1168 936; x_wconf 88' lang='lat' dir='ltr'><strong>iussis</strong></span> 
     </span>
     <span class='ocr_line' id='line_1_9' title="bbox 53 959 1169 1038; baseline -0.002 -14"><span class='ocrx_word' id='word_1_65' title='bbox 53 962 125 1025; x_wconf 87' lang='lat' dir='ltr'><strong>cius</strong></span> <span class='ocrx_word' id='word_1_66' title='bbox 154 968 185 1023; x_wconf 90' lang='lat' dir='ltr'><strong>et</strong></span> <span class='ocrx_word' id='word_1_67' title='bbox 212 960 473 1021; x_wconf 77' lang='lat' dir='ltr'><strong>adhortationibus</strong></span> <span class='ocrx_word' id='word_1_68' title='bbox 502 959 642 1020; x_wconf 84' lang='lat' dir='ltr'><strong>lubenter</strong></span> <span class='ocrx_word' id='word_1_69' title='bbox 671 960 850 1038; x_wconf 82' lang='lat' dir='ltr'><strong>parebunt),</strong></span> <span class='ocrx_word' id='word_1_70' title='bbox 886 976 923 1020; x_wconf 88' lang='lat' dir='ltr'><strong>ac</strong></span> <span class='ocrx_word' id='word_1_71' title='bbox 944 961 1090 1037; x_wconf 81' lang='lat' dir='ltr'><strong>deinceps</strong></span> <span class='ocrx_word' id='word_1_72' title='bbox 1114 979 1169 1022; x_wconf 92' lang='lat' dir='ltr'><strong>eos</strong></span> 
     </span>
     <span class='ocr_line' id='line_1_10' title="bbox 54 1044 1170 1125; baseline 0 -17"><span class='ocrx_word' id='word_1_73' title='bbox 54 1050 110 1125; x_wconf 87' lang='lat' dir='ltr'><strong>qui</strong></span> <span class='ocrx_word' id='word_1_74' title='bbox 139 1049 196 1108; x_wconf 91' lang='lat' dir='ltr'><strong>sibi</strong></span> <span class='ocrx_word' id='word_1_75' title='bbox 226 1044 361 1106; x_wconf 86' lang='lat' dir='ltr'><strong>mandati</strong></span> <span class='ocrx_word' id='word_1_76' title='bbox 391 1049 462 1106; x_wconf 92' lang='lat' dir='ltr'><strong>sunt</strong></span> <span class='ocrx_word' id='word_1_77' title='bbox 489 1044 569 1105; x_wconf 90' lang='lat' dir='ltr'><strong>idem</strong></span> <span class='ocrx_word' id='word_1_78' title='bbox 600 1044 702 1104; x_wconf 90' lang='lat' dir='ltr'><strong>iacere</strong></span> <span class='ocrx_word' id='word_1_79' title='bbox 731 1047 845 1104; x_wconf 90' lang='lat' dir='ltr'><strong>iubere.</strong></span> <span class='ocrx_word' id='word_1_80' title='bbox 897 1045 983 1119; x_wconf 82' lang='lat' dir='ltr'><strong>Quod</strong></span> <span class='ocrx_word' id='word_1_81' title='bbox 1008 1048 1033 1106; x_wconf 94' lang='lat' dir='ltr'><strong>si</strong></span> <span class='ocrx_word' id='word_1_82' title='bbox 1056 1047 1170 1108; x_wconf 81' lang='lat' dir='ltr'><strong>donnini</strong></span> 
     </span>
     <span class='ocr_line' id='line_1_11' title="bbox 53 1132 1169 1208; baseline -0.003 -11"><span class='ocrx_word' id='word_1_83' title='bbox 53 1135 156 1197; x_wconf 71' lang='lat' dir='ltr'><strong>nocui</strong></span> <span class='ocrx_word' id='word_1_84' title='bbox 176 1132 248 1195; x_wconf 91' lang='lat' dir='ltr'><strong>lesu</strong></span> <span class='ocrx_word' id='word_1_85' title='bbox 270 1132 379 1193; x_wconf 86' lang='lat' dir='ltr'><strong>Christi</strong></span> <span class='ocrx_word' id='word_1_86' title='bbox 401 1133 523 1208; x_wconf 87' lang='lat' dir='ltr'><strong>insigne</strong></span> <span class='ocrx_word' id='word_1_87' title='bbox 545 1132 662 1206; x_wconf 89' lang='lat' dir='ltr'><strong>imperii</strong></span> <span class='ocrx_word' id='word_1_88' title='bbox 684 1147 759 1191; x_wconf 84' lang='lat' dir='ltr'><strong>crux</strong></span> <span class='ocrx_word' id='word_1_89' title='bbox 781 1136 844 1202; x_wconf 94' lang='grc' dir='ltr'><strong>εει,</strong></span> <span class='ocrx_word' id='word_1_90' title='bbox 867 1146 958 1207; x_wconf 87' lang='lat' dir='ltr'><strong>quam</strong></span> <span class='ocrx_word' id='word_1_91' title='bbox 981 1135 1012 1192; x_wconf 92' lang='lat' dir='ltr'><strong>in</strong></span> <span class='ocrx_word' id='word_1_92' title='bbox 1034 1132 1169 1195; x_wconf 89' lang='lat' dir='ltr'><strong>humeris</strong></span> 
     </span>
     <span class='ocr_line' id='line_1_12' title="bbox 55 1218 1168 1296; baseline 0 -13"><span class='ocrx_word' id='word_1_93' title='bbox 55 1221 220 1291; x_wconf 83' lang='lat' dir='ltr'><strong>baiulavit,</strong></span> <span class='ocrx_word' id='word_1_94' title='bbox 252 1220 330 1279; x_wconf 91' lang='lat' dir='ltr'><strong>scire</strong></span> <span class='ocrx_word' id='word_1_95' title='bbox 358 1223 475 1294; x_wconf 86' lang='lat' dir='ltr'><strong>oportet</strong></span> <span class='ocrx_word' id='word_1_96' title='bbox 498 1218 568 1294; x_wconf 87' lang='lat' dir='ltr'><strong>quid</strong></span> <span class='ocrx_word' id='word_1_97' title='bbox 591 1233 645 1293; x_wconf 89' lang='lat' dir='ltr'><strong>per</strong></span> <span class='ocrx_word' id='word_1_98' title='bbox 667 1234 721 1278; x_wconf 91' lang='lat' dir='ltr'><strong>eos</strong></span> <span class='ocrx_word' id='word_1_99' title='bbox 744 1218 935 1296; x_wconf 84' lang='lat' dir='ltr'><strong>significasse</strong></span> <span class='ocrx_word' id='word_1_100' title='bbox 957 1220 1084 1295; x_wconf 91' lang='lat' dir='ltr'><strong>cupiens</strong></span> <span class='ocrx_word' id='word_1_101' title='bbox 1106 1226 1168 1282; x_wconf 86' lang='lat' dir='ltr'><strong>tam</strong></span> 
     </span>
     <span class='ocr_line' id='line_1_13' title="bbox 53 1303 1170 1386; baseline -0.003 -16"><span class='ocrx_word' id='word_1_102' title='bbox 53 1308 187 1385; x_wconf 79' lang='lat' dir='ltr'><strong>mystice</strong></span> <span class='ocrx_word' id='word_1_103' title='bbox 209 1306 288 1367; x_wconf 87' lang='lat' dir='ltr'><strong>baec</strong></span> <span class='ocrx_word' id='word_1_104' title='bbox 310 1306 494 1381; x_wconf 83' lang='lat' dir='ltr'><strong>disposuerit</strong></span> <span class='ocrx_word' id='word_1_105' title='bbox 511 1310 602 1380; x_wconf 87' lang='lat' dir='ltr'><strong>atque</strong></span> <span class='ocrx_word' id='word_1_106' title='bbox 620 1306 807 1364; x_wconf 83' lang='lat' dir='ltr'><strong>sustinuerit.</strong></span> <span class='ocrx_word' id='word_1_107' title='bbox 853 1303 1063 1380; x_wconf 86' lang='lat' dir='ltr'><strong>Symbolorum</strong></span> <span class='ocrx_word' id='word_1_108' title='bbox 1082 1309 1170 1386; x_wconf 88' lang='lat' dir='ltr'><strong>gnari</strong></span> 
     </span>
     <span class='ocr_line' id='line_1_14' title="bbox 54 1391 1170 1462; baseline -0.002 -7"><span class='ocrx_word' id='word_1_109' title='bbox 54 1394 220 1457; x_wconf 87' lang='lat' dir='ltr'><strong>humerum</strong></span> <span class='ocrx_word' id='word_1_110' title='bbox 260 1392 366 1453; x_wconf 89' lang='lat' dir='ltr'><strong>dicunt</strong></span> <span class='ocrx_word' id='word_1_111' title='bbox 401 1391 529 1452; x_wconf 91' lang='lat' dir='ltr'><strong>actionis</strong></span> <span class='ocrx_word' id='word_1_112' title='bbox 564 1407 634 1451; x_wconf 89' lang='lat' dir='ltr'><strong>esse</strong></span> <span class='ocrx_word' id='word_1_113' title='bbox 668 1391 901 1462; x_wconf 81' lang='lat' dir='ltr'><strong>documentum,</strong></span> <span class='ocrx_word' id='word_1_114' title='bbox 940 1409 1063 1453; x_wconf 90' lang='lat' dir='ltr'><strong>crucem</strong></span> <span class='ocrx_word' id='word_1_115' title='bbox 1095 1410 1170 1453; x_wconf 87' lang='lat' dir='ltr'><strong>vero</strong></span> 
     </span>
     <span class='ocr_line' id='line_1_15' title="bbox 54 1477 1170 1558; baseline -0.002 -15"><span class='ocrx_word' id='word_1_116' title='bbox 54 1478 324 1557; x_wconf 86' lang='lat' dir='ltr'><strong>impassibilitatis,</strong></span> <span class='ocrx_word' id='word_1_117' title='bbox 360 1483 465 1554; x_wconf 88' lang='lat' dir='ltr'><strong>utpote</strong></span> <span class='ocrx_word' id='word_1_118' title='bbox 492 1477 723 1538; x_wconf 86' lang='lat' dir='ltr'><strong>mortificatione</strong></span> <span class='ocrx_word' id='word_1_119' title='bbox 751 1477 941 1538; x_wconf 85' lang='lat' dir='ltr'><strong>afficientem.</strong></span> <span class='ocrx_word' id='word_1_120' title='bbox 996 1478 1051 1539; x_wconf 86' lang='lat' dir='ltr'><strong>llis</strong></span> <span class='ocrx_word' id='word_1_121' title='bbox 1080 1480 1170 1558; x_wconf 89' lang='lat' dir='ltr'><strong>igitur</strong></span> 
     </span>
     <span class='ocr_line' id='line_1_16' title="bbox 55 1564 1169 1646; baseline -0.001 -17"><span class='ocrx_word' id='word_1_122' title='bbox 55 1565 241 1646; x_wconf 83' lang='lat' dir='ltr'><strong>aenigmatis</strong></span> <span class='ocrx_word' id='word_1_123' title='bbox 276 1564 418 1625; x_wconf 89' lang='lat' dir='ltr'><strong>dominus</strong></span> <span class='ocrx_word' id='word_1_124' title='bbox 449 1569 553 1624; x_wconf 92' lang='lat' dir='ltr'><strong>noster</strong></span> <span class='ocrx_word' id='word_1_125' title='bbox 586 1569 677 1639; x_wconf 89' lang='lat' dir='ltr'><strong>utque</strong></span> <span class='ocrx_word' id='word_1_126' title='bbox 706 1564 800 1640; x_wconf 83' lang='lat' dir='ltr'><strong>deus,</strong></span> <span class='ocrx_word' id='word_1_127' title='bbox 841 1570 970 1640; x_wconf 82' lang='lat' dir='ltr'><strong>utraque</strong></span> <span class='ocrx_word' id='word_1_128' title='bbox 1004 1572 1169 1628; x_wconf 86' lang='lat' dir='ltr'><strong>exsecutus</strong></span> 
     </span>
     <span class='ocr_line' id='line_1_17' title="bbox 55 1650 1169 1732; baseline -0.001 -17"><span class='ocrx_word' id='word_1_129' title='bbox 55 1666 191 1731; x_wconf 86' lang='lat' dir='ltr'><strong>quorum</strong></span> <span class='ocrx_word' id='word_1_130' title='bbox 220 1657 292 1712; x_wconf 90' lang='lat' dir='ltr'><strong>sunt</strong></span> <span class='ocrx_word' id='word_1_131' title='bbox 321 1653 497 1729; x_wconf 88' lang='lat' dir='ltr'><strong>aenigmata</strong></span> <span class='ocrx_word' id='word_1_132' title='bbox 528 1650 668 1727; x_wconf 79' lang='lat' dir='ltr'><strong>(actionis</strong></span> <span class='ocrx_word' id='word_1_133' title='bbox 693 1652 818 1726; x_wconf 85' lang='lat' dir='ltr'><strong>inquam</strong></span> <span class='ocrx_word' id='word_1_134' title='bbox 841 1657 871 1711; x_wconf 92' lang='lat' dir='ltr'><strong>et</strong></span> <span class='ocrx_word' id='word_1_135' title='bbox 893 1650 1169 1732; x_wconf 90' lang='lat' dir='ltr'><strong>impassibilitatis),</strong></span> 
     </span>
     <span class='ocr_line' id='line_1_18' title="bbox 55 1738 1170 1816; baseline -0.003 -14"><span class='ocrx_word' id='word_1_136' title='bbox 55 1754 100 1802; x_wconf 85' lang='lat' dir='ltr'><strong>uo</strong></span> <span class='ocrx_word' id='word_1_137' title='bbox 128 1740 208 1801; x_wconf 89' lang='lat' dir='ltr'><strong>actio</strong></span> <span class='ocrx_word' id='word_1_138' title='bbox 236 1752 317 1798; x_wconf 88' lang='lat' dir='ltr'><strong>vana</strong></span> <span class='ocrx_word' id='word_1_139' title='bbox 344 1738 444 1814; x_wconf 86' lang='lat' dir='ltr'><strong>gloria</strong></span> <span class='ocrx_word' id='word_1_140' title='bbox 471 1738 668 1812; x_wconf 89' lang='lat' dir='ltr'><strong>perimeretur</strong></span> <span class='ocrx_word' id='word_1_141' title='bbox 697 1754 750 1797; x_wconf 91' lang='lat' dir='ltr'><strong>eas</strong></span> <span class='ocrx_word' id='word_1_142' title='bbox 783 1738 928 1798; x_wconf 88' lang='lat' dir='ltr'><strong>indicavit</strong></span> <span class='ocrx_word' id='word_1_143' title='bbox 961 1740 1087 1800; x_wconf 90' lang='lat' dir='ltr'><strong>virtutes</strong></span> <span class='ocrx_word' id='word_1_144' title='bbox 1116 1757 1170 1816; x_wconf 91' lang='lat' dir='ltr'><strong>per</strong></span> 
     </span>
     <span class='ocr_line' id='line_1_19' title="bbox 57 1823 1170 1904; baseline -0.002 -17"><span class='ocrx_word' id='word_1_145' title='bbox 57 1840 139 1904; x_wconf 84' lang='lat' dir='ltr'><strong>quas</strong></span> <span class='ocrx_word' id='word_1_146' title='bbox 167 1834 294 1887; x_wconf 89' lang='lat' dir='ltr'><strong>munere</strong></span> <span class='ocrx_word' id='word_1_147' title='bbox 322 1841 380 1885; x_wconf 91' lang='lat' dir='ltr'><strong>suo</strong></span> <span class='ocrx_word' id='word_1_148' title='bbox 402 1823 579 1899; x_wconf 78' lang='lat' dir='ltr'><strong>perfunctus</strong></span> <span class='ocrx_word' id='word_1_149' title='bbox 610 1825 649 1883; x_wconf 93' lang='lat' dir='ltr'><strong>sit</strong></span> <span class='ocrx_word' id='word_1_150' title='bbox 670 1840 724 1899; x_wconf 92' lang='lat' dir='ltr'><strong>pro</strong></span> <span class='ocrx_word' id='word_1_151' title='bbox 747 1826 792 1885; x_wconf 90' lang='lat' dir='ltr'><strong>eis</strong></span> <span class='ocrx_word' id='word_1_152' title='bbox 815 1827 919 1899; x_wconf 89' lang='lat' dir='ltr'><strong>quiin</strong></span> <span class='ocrx_word' id='word_1_153' title='bbox 942 1826 1088 1900; x_wconf 88' lang='lat' dir='ltr'><strong>obsequio</strong></span> <span class='ocrx_word' id='word_1_154' title='bbox 1112 1828 1170 1887; x_wconf 92' lang='lat' dir='ltr'><strong>sibi</strong></span> 
     </span>
     <span class='ocr_line' id='line_1_20' title="bbox 58 1909 1168 1989; baseline -0.001 -15"><span class='ocrx_word' id='word_1_155' title='bbox 58 1928 100 1974; x_wconf 84' lang='lat' dir='ltr'><strong>uc</strong></span> <span class='ocrx_word' id='word_1_156' title='bbox 120 1910 180 1973; x_wconf 88' lang='lat' dir='ltr'><strong>lide</strong></span> <span class='ocrx_word' id='word_1_157' title='bbox 200 1911 342 1987; x_wconf 87' lang='lat' dir='ltr'><strong>haberet,</strong></span> <span class='ocrx_word' id='word_1_158' title='bbox 366 1911 429 1970; x_wconf 89' lang='lat' dir='ltr'><strong>iere</strong></span> <span class='ocrx_word' id='word_1_159' title='bbox 451 1910 533 1970; x_wconf 88' lang='lat' dir='ltr'><strong>clara</strong></span> <span class='ocrx_word' id='word_1_160' title='bbox 556 1909 727 1970; x_wconf 80' lang='lat' dir='ltr'><strong>vociferans</strong></span> <span class='ocrx_word' id='word_1_161' title='bbox 752 1926 842 1981; x_wconf 83' lang='lat' dir='ltr'><strong>voce,</strong></span> <span class='ocrx_word' id='word_1_162' title='bbox 884 1910 966 1984; x_wconf 83' lang='lat' dir='ltr'><strong>,lloo</strong></span> <span class='ocrx_word' id='word_1_163' title='bbox 997 1912 1168 1989; x_wconf 82' lang='lat' dir='ltr'><strong>symbolum</strong></span> 
     </span>
     <span class='ocr_line' id='line_1_21' title="bbox 58 1996 1170 2075; baseline -0.001 -14"><span class='ocrx_word' id='word_1_164' title='bbox 58 1999 121 2061; x_wconf 88' lang='lat' dir='ltr'><strong>mei</strong></span> <span class='ocrx_word' id='word_1_165' title='bbox 147 1999 264 2074; x_wconf 86' lang='lat' dir='ltr'><strong>imperii</strong></span> <span class='ocrx_word' id='word_1_166' title='bbox 293 2003 355 2058; x_wconf 89' lang='lat' dir='ltr'><strong>est:</strong></span> <span class='ocrx_word' id='word_1_167' title='bbox 393 1998 564 2072; x_wconf 84' lang='lat' dir='ltr'><strong>quicunque</strong></span> <span class='ocrx_word' id='word_1_168' title='bbox 586 1997 679 2074; x_wconf 86' lang='lat' dir='ltr'><strong>igitur</strong></span> <span class='ocrx_word' id='word_1_169' title='bbox 701 1996 739 2056; x_wconf 91' lang='lat' dir='ltr'><strong>de</strong></span> <span class='ocrx_word' id='word_1_170' title='bbox 762 1997 849 2057; x_wconf 89' lang='lat' dir='ltr'><strong>vobis</strong></span> <span class='ocrx_word' id='word_1_171' title='bbox 873 1997 970 2074; x_wconf 83' lang='lat' dir='ltr'><strong>diligit</strong></span> <span class='ocrx_word' id='word_1_172' title='bbox 991 1997 1051 2059; x_wconf 92' lang='lat' dir='ltr'><strong>hoc</strong></span> <span class='ocrx_word' id='word_1_173' title='bbox 1073 2000 1170 2075; x_wconf 92' lang='lat' dir='ltr'><strong>impe·</strong></span> 
     </span>
     <span class='ocr_line' id='line_1_22' title="bbox 56 2083 1170 2161; baseline -0.002 -14"><span class='ocrx_word' id='word_1_174' title='bbox 56 2086 155 2161; x_wconf 86' lang='lat' dir='ltr'><strong>rium,</strong></span> <span class='ocrx_word' id='word_1_175' title='bbox 186 2086 213 2145; x_wconf 90' lang='lat' dir='ltr'><strong>is</strong></span> <span class='ocrx_word' id='word_1_176' title='bbox 236 2101 271 2144; x_wconf 87' lang='lat' dir='ltr'><strong>se</strong></span> <span class='ocrx_word' id='word_1_177' title='bbox 289 2085 389 2160; x_wconf 88' lang='lat' dir='ltr'><strong>ipsum</strong></span> <span class='ocrx_word' id='word_1_178' title='bbox 413 2085 559 2160; x_wconf 85' lang='lat' dir='ltr'><strong>abneget,</strong></span> <span class='ocrx_word' id='word_1_179' title='bbox 584 2086 614 2141; x_wconf 93' lang='lat' dir='ltr'><strong>et</strong></span> <span class='ocrx_word' id='word_1_180' title='bbox 635 2083 719 2142; x_wconf 90' lang='lat' dir='ltr'><strong>tollat</strong></span> <span class='ocrx_word' id='word_1_181' title='bbox 740 2099 859 2142; x_wconf 88' lang='lat' dir='ltr'><strong>crucem</strong></span> <span class='ocrx_word' id='word_1_182' title='bbox 884 2100 973 2144; x_wconf 91' lang='lat' dir='ltr'><strong>suam</strong></span> <span class='ocrx_word' id='word_1_183' title='bbox 996 2089 1025 2144; x_wconf 88' lang='lat' dir='ltr'><strong>et</strong></span> <span class='ocrx_word' id='word_1_184' title='bbox 1048 2102 1097 2145; x_wconf 91' lang='lat' dir='ltr'><strong>rne</strong></span> <span class='ocrx_word' id='word_1_185' title='bbox 1119 2101 1170 2146; x_wconf 91' lang='lat' dir='ltr'><strong>se-</strong></span> 
     </span>
     <span class='ocr_line' id='line_1_23' title="bbox 58 2168 1170 2251; baseline -0.001 -18"><span class='ocrx_word' id='word_1_186' title='bbox 58 2176 198 2251; x_wconf 81' lang='lat' dir='ltr'><strong>quutur‘,</strong></span> <span class='ocrx_word' id='word_1_187' title='bbox 232 2169 292 2230; x_wconf 87' lang='lat' dir='ltr'><strong>boc</strong></span> <span class='ocrx_word' id='word_1_188' title='bbox 315 2176 362 2230; x_wconf 91' lang='grc' dir='ltr'><strong>εει</strong></span> <span class='ocrx_word' id='word_1_189' title='bbox 384 2171 534 2230; x_wconf 89' lang='lat' dir='ltr'><strong>actionem</strong></span> <span class='ocrx_word' id='word_1_190' title='bbox 558 2171 739 2244; x_wconf 89' lang='lat' dir='ltr'><strong>passionum</strong></span> <span class='ocrx_word' id='word_1_191' title='bbox 761 2168 1009 2243; x_wconf 81' lang='lat' dir='ltr'><strong>interfectricem,</strong></span> <span class='ocrx_word' id='word_1_192' title='bbox 1038 2171 1170 2246; x_wconf 85' lang='lat' dir='ltr'><strong>probita-</strong></span> 
     </span>
     <span class='ocr_line' id='line_1_24' title="bbox 56 2255 1169 2332; baseline -0.004 -11"><span class='ocrx_word' id='word_1_193' title='bbox 56 2264 121 2321; x_wconf 86' lang='lat' dir='ltr'><strong>tem</strong></span> <span class='ocrx_word' id='word_1_194' title='bbox 149 2262 182 2319; x_wconf 88' lang='lat' dir='ltr'><strong>et</strong></span> <span class='ocrx_word' id='word_1_195' title='bbox 208 2258 342 2317; x_wconf 85' lang='lat' dir='ltr'><strong>animum</strong></span> <span class='ocrx_word' id='word_1_196' title='bbox 368 2256 532 2316; x_wconf 86' lang='lat' dir='ltr'><strong>honestum</strong></span> <span class='ocrx_word' id='word_1_197' title='bbox 555 2260 585 2316; x_wconf 91' lang='lat' dir='ltr'><strong>et</strong></span> <span class='ocrx_word' id='word_1_198' title='bbox 607 2256 645 2314; x_wconf 90' lang='lat' dir='ltr'><strong>ab</strong></span> <span class='ocrx_word' id='word_1_199' title='bbox 669 2255 751 2316; x_wconf 91' lang='lat' dir='ltr'><strong>omni</strong></span> <span class='ocrx_word' id='word_1_200' title='bbox 772 2255 886 2316; x_wconf 88' lang='lat' dir='ltr'><strong>invidia</strong></span> <span class='ocrx_word' id='word_1_201' title='bbox 908 2257 1036 2317; x_wconf 91' lang='lat' dir='ltr'><strong>liberum</strong></span> <span class='ocrx_word' id='word_1_202' title='bbox 1060 2259 1169 2332; x_wconf 90' lang='lat' dir='ltr'><strong>quibus</strong></span> 
     </span>
     <span class='ocr_line' id='line_1_25' title="bbox 57 2342 1168 2422; baseline 0 -17"><span class='ocrx_word' id='word_1_203' title='bbox 57 2345 159 2406; x_wconf 84' lang='lat' dir='ltr'><strong>verbis</strong></span> <span class='ocrx_word' id='word_1_204' title='bbox 189 2344 340 2422; x_wconf 85' lang='lat' dir='ltr'><strong>significat</strong></span> <span class='ocrx_word' id='word_1_205' title='bbox 367 2358 400 2402; x_wconf 94' lang='lat' dir='ltr'><strong>se</strong></span> <span class='ocrx_word' id='word_1_206' title='bbox 429 2359 537 2402; x_wconf 92' lang='lat' dir='ltr'><strong>omnes</strong></span> <span class='ocrx_word' id='word_1_207' title='bbox 567 2342 624 2402; x_wconf 90' lang='lat' dir='ltr'><strong>sibi</strong></span> <span class='ocrx_word' id='word_1_208' title='bbox 652 2342 787 2401; x_wconf 91' lang='lat' dir='ltr'><strong>similiter</strong></span> <span class='ocrx_word' id='word_1_209' title='bbox 817 2359 927 2418; x_wconf 90' lang='lat' dir='ltr'><strong>cupere</strong></span> <span class='ocrx_word' id='word_1_210' title='bbox 954 2342 1014 2404; x_wconf 91' lang='lat' dir='ltr'><strong>hoc</strong></span> <span class='ocrx_word' id='word_1_211' title='bbox 1041 2345 1168 2420; x_wconf 91' lang='lat' dir='ltr'><strong>imperio</strong></span> 
     </span>
     <span class='ocr_line' id='line_1_26' title="bbox 55 2429 1171 2509; baseline -0.002 -16"><span class='ocrx_word' id='word_1_212' title='bbox 55 2432 220 2509; x_wconf 86' lang='lat' dir='ltr'><strong>impertire.</strong></span> <span class='ocrx_word' id='word_1_213' title='bbox 277 2429 363 2503; x_wconf 74' lang='lat' dir='ltr'><strong>Quod</strong></span> <span class='ocrx_word' id='word_1_214' title='bbox 387 2430 485 2503; x_wconf 89' lang='lat' dir='ltr'><strong>enim,</strong></span> <span class='ocrx_word' id='word_1_215' title='bbox 521 2431 611 2503; x_wconf 79' lang='lat' dir='ltr'><strong>‚Cum</strong></span> <span class='ocrx_word' id='word_1_216' title='bbox 635 2445 725 2489; x_wconf 88' lang='lat' dir='ltr'><strong>cruce</strong></span> <span class='ocrx_word' id='word_1_217' title='bbox 748 2429 947 2504; x_wconf 85' lang='lat' dir='ltr'><strong>contullitur‘,</strong></span> <span class='ocrx_word' id='word_1_218' title='bbox 979 2430 1050 2490; x_wconf 88' lang='lat' dir='ltr'><strong>dicit</strong></span> <span class='ocrx_word' id='word_1_219' title='bbox 1071 2432 1171 2509; x_wconf 87' lang='lat' dir='ltr'><strong>magi-</strong></span> 
     </span>
     <span class='ocr_line' id='line_1_27' title="bbox 56 2515 1169 2592; baseline -0.001 -14"><span class='ocrx_word' id='word_1_220' title='bbox 56 2523 138 2592; x_wconf 82' lang='lat' dir='ltr'><strong>ster,</strong></span> <span class='ocrx_word' id='word_1_221' title='bbox 167 2533 204 2577; x_wconf 89' lang='lat' dir='ltr'><strong>eo</strong></span> <span class='ocrx_word' id='word_1_222' title='bbox 226 2516 286 2576; x_wconf 94' lang='lat' dir='ltr'><strong>hoc</strong></span> <span class='ocrx_word' id='word_1_223' title='bbox 307 2516 394 2575; x_wconf 92' lang='lat' dir='ltr'><strong>nobis</strong></span> <span class='ocrx_word' id='word_1_224' title='bbox 416 2516 528 2576; x_wconf 86' lang='lat' dir='ltr'><strong>dooere</strong></span> <span class='ocrx_word' id='word_1_225' title='bbox 551 2515 687 2586; x_wconf 87' lang='lat' dir='ltr'><strong>videtur,</strong></span> <span class='ocrx_word' id='word_1_226' title='bbox 716 2515 795 2591; x_wconf 90' lang='lat' dir='ltr'><strong>quod</strong></span> <span class='ocrx_word' id='word_1_227' title='bbox 820 2532 889 2577; x_wconf 89' lang='lat' dir='ltr'><strong>curn</strong></span> <span class='ocrx_word' id='word_1_228' title='bbox 911 2517 1052 2578; x_wconf 88' lang='lat' dir='ltr'><strong>rationali</strong></span> <span class='ocrx_word' id='word_1_229' title='bbox 1071 2517 1169 2577; x_wconf 88' lang='lat' dir='ltr'><strong>homi·</strong></span> 
     </span>
     <span class='ocr_line' id='line_1_28' title="bbox 56 2603 1169 2679; baseline -0.001 -14"><span class='ocrx_word' id='word_1_230' title='bbox 56 2620 131 2665; x_wconf 88' lang='lat' dir='ltr'><strong>num</strong></span> <span class='ocrx_word' id='word_1_231' title='bbox 160 2608 272 2664; x_wconf 88' lang='lat' dir='ltr'><strong>natura</strong></span> <span class='ocrx_word' id='word_1_232' title='bbox 302 2619 355 2679; x_wconf 91' lang='lat' dir='ltr'><strong>per</strong></span> <span class='ocrx_word' id='word_1_233' title='bbox 385 2603 535 2662; x_wconf 88' lang='lat' dir='ltr'><strong>actionem</strong></span> <span class='ocrx_word' id='word_1_234' title='bbox 566 2606 596 2661; x_wconf 92' lang='lat' dir='ltr'><strong>et</strong></span> <span class='ocrx_word' id='word_1_235' title='bbox 621 2617 698 2677; x_wconf 90' lang='lat' dir='ltr'><strong>quae</strong></span> <span class='ocrx_word' id='word_1_236' title='bbox 722 2604 748 2662; x_wconf 93' lang='lat' dir='ltr'><strong>ei</strong></span> <span class='ocrx_word' id='word_1_237' title='bbox 772 2603 934 2663; x_wconf 89' lang='lat' dir='ltr'><strong>coniuncta</strong></span> <span class='ocrx_word' id='word_1_238' title='bbox 956 2608 1004 2663; x_wconf 91' lang='lat' dir='ltr'><strong>est</strong></span> <span class='ocrx_word' id='word_1_239' title='bbox 1025 2605 1169 2679; x_wconf 88' lang='lat' dir='ltr'><strong>impassi-</strong></span> 
     </span>
     <span class='ocr_line' id='line_1_29' title="bbox 55 2686 1169 2765; baseline -0.001 -12"><span class='ocrx_word' id='word_1_240' title='bbox 55 2690 203 2753; x_wconf 87' lang='lat' dir='ltr'><strong>bilitatem</strong></span> <span class='ocrx_word' id='word_1_241' title='bbox 233 2689 366 2761; x_wconf 70' lang='lat' dir='ltr'><strong>sublata,</strong></span> <span class='ocrx_word' id='word_1_242' title='bbox 382 2690 449 2765; x_wconf 90' lang='lat' dir='ltr'><strong>ipse</strong></span> <span class='ocrx_word' id='word_1_243' title='bbox 472 2687 612 2749; x_wconf 86' lang='lat' dir='ltr'><strong>videlicet</strong></span> <span class='ocrx_word' id='word_1_244' title='bbox 634 2689 771 2750; x_wconf 81' lang='lat' dir='ltr'><strong>Christus</strong></span> <span class='ocrx_word' id='word_1_245' title='bbox 793 2705 857 2749; x_wconf 91' lang='lat' dir='ltr'><strong>una</strong></span> <span class='ocrx_word' id='word_1_246' title='bbox 879 2686 1008 2759; x_wconf 76' lang='lat' dir='ltr'><strong>tollitur,</strong></span> <span class='ocrx_word' id='word_1_247' title='bbox 1039 2690 1098 2751; x_wconf 91' lang='lat' dir='ltr'><strong>boc</strong></span> <span class='ocrx_word' id='word_1_248' title='bbox 1121 2697 1169 2752; x_wconf 89' lang='lat' dir='ltr'><strong>est</strong></span> 
     </span>
     <span class='ocr_line' id='line_1_30' title="bbox 56 2774 1170 2850; baseline -0.001 -11"><span class='ocrx_word' id='word_1_249' title='bbox 56 2774 167 2839; x_wconf 82' lang='lat' dir='ltr'><strong>&#39;status&#39;</strong></span> <span class='ocrx_word' id='word_1_250' title='bbox 193 2777 225 2834; x_wconf 94' lang='lat' dir='ltr'><strong>ln</strong></span> <span class='ocrx_word' id='word_1_251' title='bbox 257 2775 432 2837; x_wconf 90' lang='lat' dir='ltr'><strong>hominibus</strong></span> <span class='ocrx_word' id='word_1_252' title='bbox 461 2775 579 2836; x_wconf 84' lang='lat' dir='ltr'><strong>Christo</strong></span> <span class='ocrx_word' id='word_1_253' title='bbox 613 2774 734 2850; x_wconf 85' lang='lat' dir='ltr'><strong>similis,</strong></span> <span class='ocrx_word' id='word_1_254' title='bbox 773 2775 942 2838; x_wconf 90' lang='lat' dir='ltr'><strong>secundum</strong></span> <span class='ocrx_word' id='word_1_255' title='bbox 972 2777 1109 2838; x_wconf 90' lang='lat' dir='ltr'><strong>ordinem</strong></span> <span class='ocrx_word' id='word_1_256' title='bbox 1139 2783 1170 2839; x_wconf 91' lang='lat' dir='ltr'><strong>et</strong></span> 
     </span>
     <span class='ocr_line' id='line_1_31' title="bbox 55 2863 1168 2943; baseline 0 -17"><span class='ocrx_word' id='word_1_257' title='bbox 55 2864 159 2943; x_wconf 77' lang='lat' dir='ltr'><strong>legem</strong></span> <span class='ocrx_word' id='word_1_258' title='bbox 188 2863 356 2933; x_wconf 80' lang='lat' dir='ltr'><strong>exaltatus,</strong></span> <span class='ocrx_word' id='word_1_259' title='bbox 385 2879 422 2923; x_wconf 88' lang='lat' dir='ltr'><strong>ac</strong></span> <span class='ocrx_word' id='word_1_260' title='bbox 450 2879 505 2938; x_wconf 92' lang='lat' dir='ltr'><strong>per</strong></span> <span class='ocrx_word' id='word_1_261' title='bbox 527 2863 678 2924; x_wconf 89' lang='lat' dir='ltr'><strong>actionem</strong></span> <span class='ocrx_word' id='word_1_262' title='bbox 699 2863 918 2939; x_wconf 89' lang='lat' dir='ltr'><strong>impassibilem</strong></span> <span class='ocrx_word' id='word_1_263' title='bbox 941 2866 973 2923; x_wconf 91' lang='lat' dir='ltr'><strong>in</strong></span> <span class='ocrx_word' id='word_1_264' title='bbox 996 2865 1168 2942; x_wconf 80' lang='lat' dir='ltr'><strong>gnosticam</strong></span> 
     </span>
     <span class='ocr_line' id='line_1_32' title="bbox 55 2947 1170 3030; baseline 0.002 -19"><span class='ocrx_word' id='word_1_265' title='bbox 55 2955 188 3013; x_wconf 87' lang='lat' dir='ltr'><strong>naturae</strong></span> <span class='ocrx_word' id='word_1_266' title='bbox 222 2949 524 3025; x_wconf 88' lang='lat' dir='ltr'><strong>contemplationem,</strong></span> <span class='ocrx_word' id='word_1_267' title='bbox 560 2954 590 3010; x_wconf 93' lang='lat' dir='ltr'><strong>et</strong></span> <span class='ocrx_word' id='word_1_268' title='bbox 622 2947 693 3008; x_wconf 93' lang='lat' dir='ltr'><strong>inde</strong></span> <span class='ocrx_word' id='word_1_269' title='bbox 722 2951 752 3008; x_wconf 92' lang='lat' dir='ltr'><strong>in</strong></span> <span class='ocrx_word' id='word_1_270' title='bbox 783 2949 984 3028; x_wconf 87' lang='lat' dir='ltr'><strong>theologicam</strong></span> <span class='ocrx_word' id='word_1_271' title='bbox 1014 2958 1170 3030; x_wconf 84' lang='lat' dir='ltr'><strong>mystago-</strong></span> 
     </span>
     <span class='ocr_line' id='line_1_33' title="bbox 55 3033 1170 3117; baseline 0.001 -20"><span class='ocrx_word' id='word_1_272' title='bbox 55 3038 140 3117; x_wconf 83' lang='lat' dir='ltr'><strong>gium</strong></span> <span class='ocrx_word' id='word_1_273' title='bbox 174 3041 342 3114; x_wconf 90' lang='lat' dir='ltr'><strong>promotus.</strong></span> <span class='ocrx_word' id='word_1_274' title='bbox 407 3034 439 3094; x_wconf 91' lang='lat' dir='ltr'><strong>ld</strong></span> <span class='ocrx_word' id='word_1_275' title='bbox 472 3033 553 3109; x_wconf 90' lang='lat' dir='ltr'><strong>quod</strong></span> <span class='ocrx_word' id='word_1_276' title='bbox 583 3035 716 3094; x_wconf 86' lang='lat' dir='ltr'><strong>maxime</strong></span> <span class='ocrx_word' id='word_1_277' title='bbox 744 3035 817 3095; x_wconf 93' lang='lat' dir='ltr'><strong>mihi</strong></span> <span class='ocrx_word' id='word_1_278' title='bbox 847 3037 1020 3114; x_wconf 84' lang='lat' dir='ltr'><strong>significare</strong></span> <span class='ocrx_word' id='word_1_279' title='bbox 1050 3038 1170 3098; x_wconf 91' lang='lat' dir='ltr'><strong>videtur</strong></span> 
     </span>
     <span class='ocr_line' id='line_1_34' title="bbox 56 3120 1169 3200; baseline -0.001 -15"><span class='ocrx_word' id='word_1_280' title='bbox 56 3126 186 3185; x_wconf 81' lang='lat' dir='ltr'><strong>sanctus</strong></span> <span class='ocrx_word' id='word_1_281' title='bbox 210 3124 397 3200; x_wconf 71' lang='lat' dir='ltr'><strong>areopagita</strong></span> <span class='ocrx_word' id='word_1_282' title='bbox 419 3136 551 3198; x_wconf 88' lang='lat' dir='ltr'><strong>magnus</strong></span> <span class='ocrx_word' id='word_1_283' title='bbox 575 3120 738 3197; x_wconf 86' lang='lat' dir='ltr'><strong>Dionysius</strong></span> <span class='ocrx_word' id='word_1_284' title='bbox 761 3123 812 3182; x_wconf 90' lang='lat' dir='ltr'><strong>ubi</strong></span> <span class='ocrx_word' id='word_1_285' title='bbox 835 3124 892 3196; x_wconf 88' lang='lat' dir='ltr'><strong>ait,</strong></span> <span class='ocrx_word' id='word_1_286' title='bbox 924 3121 1001 3196; x_wconf 85' lang='lat' dir='ltr'><strong>,Sed</strong></span> <span class='ocrx_word' id='word_1_287' title='bbox 1025 3139 1094 3183; x_wconf 88' lang='lat' dir='ltr'><strong>cum</strong></span> <span class='ocrx_word' id='word_1_288' title='bbox 1118 3140 1169 3185; x_wconf 91' lang='lat' dir='ltr'><strong>sa-</strong></span> 
     </span>
     <span class='ocr_line' id='line_1_35' title="bbox 56 3207 1168 3287; baseline -0.002 -16"><span class='ocrx_word' id='word_1_289' title='bbox 56 3224 129 3271; x_wconf 86' lang='lat' dir='ltr'><strong>crae</strong></span> <span class='ocrx_word' id='word_1_290' title='bbox 159 3208 337 3287; x_wconf 92' lang='lat' dir='ltr'><strong>disciplinae</strong></span> <span class='ocrx_word' id='word_1_291' title='bbox 368 3208 547 3286; x_wconf 89' lang='lat' dir='ltr'><strong>principium</strong></span> <span class='ocrx_word' id='word_1_292' title='bbox 578 3207 734 3283; x_wconf 89' lang='lat' dir='ltr'><strong>deussit,</strong></span> <span class='ocrx_word' id='word_1_293' title='bbox 767 3225 828 3284; x_wconf 90' lang='lat' dir='ltr'><strong>qua</strong></span> <span class='ocrx_word' id='word_1_294' title='bbox 851 3213 976 3269; x_wconf 86' lang='lat' dir='ltr'><strong>sanctae</strong></span> <span class='ocrx_word' id='word_1_295' title='bbox 998 3214 1116 3269; x_wconf 85' lang='lat' dir='ltr'><strong>mantes</strong></span> <span class='ocrx_word' id='word_1_296' title='bbox 1137 3211 1168 3269; x_wconf 93' lang='lat' dir='ltr'><strong>in</strong></span> 
     </span>
     <span class='ocr_line' id='line_1_36' title="bbox 55 3294 1168 3372; baseline -0.001 -15"><span class='ocrx_word' id='word_1_297' title='bbox 55 3296 105 3359; x_wconf 86' lang='lat' dir='ltr'><strong>sui</strong></span> <span class='ocrx_word' id='word_1_298' title='bbox 128 3294 294 3357; x_wconf 90' lang='lat' dir='ltr'><strong>deveniunt</strong></span> <span class='ocrx_word' id='word_1_299' title='bbox 316 3296 535 3372; x_wconf 91' lang='lat' dir='ltr'><strong>cognitionem,</strong></span> <span class='ocrx_word' id='word_1_300' title='bbox 559 3294 696 3370; x_wconf 88' lang='lat' dir='ltr'><strong>quisquis</strong></span> <span class='ocrx_word' id='word_1_301' title='bbox 719 3294 758 3355; x_wconf 91' lang='lat' dir='ltr'><strong>ad</strong></span> <span class='ocrx_word' id='word_1_302' title='bbox 776 3296 901 3356; x_wconf 89' lang='lat' dir='ltr'><strong>insitum</strong></span> <span class='ocrx_word' id='word_1_303' title='bbox 921 3302 1047 3356; x_wconf 87' lang='lat' dir='ltr'><strong>naturae</strong></span> <span class='ocrx_word' id='word_1_304' title='bbox 1065 3295 1168 3357; x_wconf 91' lang='lat' dir='ltr'><strong>lumen</strong></span> 
     </span>
     <span class='ocr_line' id='line_1_37' title="bbox 54 3381 1168 3458; baseline -0.001 -13"><span class='ocrx_word' id='word_1_305' title='bbox 54 3383 232 3453; x_wconf 78' lang='lat' dir='ltr'><strong>rccunertt,</strong></span> <span class='ocrx_word' id='word_1_306' title='bbox 264 3382 411 3458; x_wconf 88' lang='lat' dir='ltr'><strong>principio</strong></span> <span class='ocrx_word' id='word_1_307' title='bbox 441 3381 562 3457; x_wconf 88' lang='lat' dir='ltr'><strong>quidem</strong></span> <span class='ocrx_word' id='word_1_308' title='bbox 594 3382 662 3457; x_wconf 89' lang='lat' dir='ltr'><strong>quis</strong></span> <span class='ocrx_word' id='word_1_309' title='bbox 691 3381 813 3441; x_wconf 87' lang='lat' dir='ltr'><strong>tandem</strong></span> <span class='ocrx_word' id='word_1_310' title='bbox 845 3383 911 3458; x_wconf 92' lang='lat' dir='ltr'><strong>ipse</strong></span> <span class='ocrx_word' id='word_1_311' title='bbox 934 3383 974 3442; x_wconf 87' lang='lat' dir='ltr'><strong>sit</strong></span> <span class='ocrx_word' id='word_1_312' title='bbox 994 3383 1062 3457; x_wconf 89' lang='lat' dir='ltr'><strong>ipse</strong></span> <span class='ocrx_word' id='word_1_313' title='bbox 1083 3383 1168 3444; x_wconf 87' lang='lat' dir='ltr'><strong>vide-</strong></span> 
     </span>
     <span class='ocr_line' id='line_1_38' title="bbox 38 3468 1169 3546; baseline 0.001 -16"><span class='ocrx_word' id='word_1_314' title='bbox 38 3468 114 3546; x_wconf 82' lang='lat' dir='ltr'><strong>&#39;btt,</strong></span> <span class='ocrx_word' id='word_1_315' title='bbox 145 3474 175 3529; x_wconf 85' lang='lat' dir='ltr'><strong>et</strong></span> <span class='ocrx_word' id='word_1_316' title='bbox 202 3468 263 3529; x_wconf 92' lang='lat' dir='ltr'><strong>hoc</strong></span> <span class='ocrx_word' id='word_1_317' title='bbox 290 3469 417 3542; x_wconf 78' lang='lat' dir='ltr'><strong>primum</strong></span> <span class='ocrx_word' id='word_1_318' title='bbox 442 3468 569 3543; x_wconf 87' lang='lat' dir='ltr'><strong>accipiet</strong></span> <span class='ocrx_word' id='word_1_319' title='bbox 593 3483 716 3528; x_wconf 89' lang='lat' dir='ltr'><strong>sacrum</strong></span> <span class='ocrx_word' id='word_1_320' title='bbox 738 3468 777 3527; x_wconf 91' lang='lat' dir='ltr'><strong>de</strong></span> <span class='ocrx_word' id='word_1_321' title='bbox 799 3485 855 3528; x_wconf 90' lang='lat' dir='ltr'><strong>sua</strong></span> <span class='ocrx_word' id='word_1_322' title='bbox 879 3468 1040 3528; x_wconf 82' lang='lat' dir='ltr'><strong>adiuuem</strong></span> <span class='ocrx_word' id='word_1_323' title='bbox 1063 3484 1169 3530; x_wconf 88' lang='lat' dir='ltr'><strong>acces·</strong></span> 
     </span>
     <span class='ocr_line' id='line_1_39' title="bbox 56 3552 1168 3631; baseline 0 -15"><span class='ocrx_word' id='word_1_324' title='bbox 56 3556 146 3617; x_wconf 86' lang='lat' dir='ltr'><strong>sione</strong></span> <span class='ocrx_word' id='word_1_325' title='bbox 179 3570 309 3615; x_wconf 89' lang='lat' dir='ltr'><strong>munus:</strong></span> <span class='ocrx_word' id='word_1_326' title='bbox 349 3556 399 3629; x_wconf 89' lang='lat' dir='ltr'><strong>qui</strong></span> <span class='ocrx_word' id='word_1_327' title='bbox 430 3560 531 3614; x_wconf 82' lang='lat' dir='ltr'><strong>autern</strong></span> <span class='ocrx_word' id='word_1_328' title='bbox 560 3555 656 3614; x_wconf 89' lang='lat' dir='ltr'><strong>oculis</strong></span> <span class='ocrx_word' id='word_1_329' title='bbox 687 3553 771 3614; x_wconf 90' lang='lat' dir='ltr'><strong>nullo</strong></span> <span class='ocrx_word' id='word_1_330' title='bbox 800 3552 910 3615; x_wconf 87' lang='lat' dir='ltr'><strong>affectu</strong></span> <span class='ocrx_word' id='word_1_331' title='bbox 939 3555 1069 3615; x_wconf 85' lang='lat' dir='ltr'><strong>turbatis</strong></span> <span class='ocrx_word' id='word_1_332' title='bbox 1097 3572 1168 3631; x_wconf 91' lang='lat' dir='ltr'><strong>pro·</strong></span> 
     </span>
     <span class='ocr_line' id='line_1_40' title="bbox 54 3641 1167 3721; baseline -0.001 -18"><span class='ocrx_word' id='word_1_333' title='bbox 54 3643 123 3721; x_wconf 88' lang='lat' dir='ltr'><strong>pria</strong></span> <span class='ocrx_word' id='word_1_334' title='bbox 146 3656 204 3702; x_wconf 88' lang='lat' dir='ltr'><strong>sua</strong></span> <span class='ocrx_word' id='word_1_335' title='bbox 234 3641 327 3717; x_wconf 92' lang='lat' dir='ltr'><strong>probe</strong></span> <span class='ocrx_word' id='word_1_336' title='bbox 357 3647 387 3701; x_wconf 89' lang='lat' dir='ltr'><strong>et</strong></span> <span class='ocrx_word' id='word_1_337' title='bbox 408 3646 492 3701; x_wconf 90' lang='lat' dir='ltr'><strong>recte</strong></span> <span class='ocrx_word' id='word_1_338' title='bbox 515 3641 732 3711; x_wconf 83' lang='lat' dir='ltr'><strong>considerant,</strong></span> <span class='ocrx_word' id='word_1_339' title='bbox 764 3641 791 3699; x_wconf 94' lang='lat' dir='ltr'><strong>is</strong></span> <span class='ocrx_word' id='word_1_340' title='bbox 815 3643 952 3702; x_wconf 91' lang='lat' dir='ltr'><strong>obscuris</strong></span> <span class='ocrx_word' id='word_1_341' title='bbox 976 3643 1167 3718; x_wconf 85' lang='lat' dir='ltr'><strong>ignorantiae</strong></span> 
     </span>
     <span class='ocr_line' id='line_1_41' title="bbox 54 3724 1168 3804; baseline 0 -15"><span class='ocrx_word' id='word_1_342' title='bbox 54 3728 181 3791; x_wconf 86' lang='lat' dir='ltr'><strong>latebris</strong></span> <span class='ocrx_word' id='word_1_343' title='bbox 214 3724 343 3802; x_wconf 67' lang='lat' dir='ltr'><strong>relicua,</strong></span> <span class='ocrx_word' id='word_1_344' title='bbox 381 3726 435 3787; x_wconf 91' lang='lat' dir='ltr'><strong>sed</strong></span> <span class='ocrx_word' id='word_1_345' title='bbox 469 3728 519 3788; x_wconf 91' lang='lat' dir='ltr'><strong>dei</strong></span> <span class='ocrx_word' id='word_1_346' title='bbox 549 3728 789 3803; x_wconf 84' lang='lat' dir='ltr'><strong>perfectissimae</strong></span> <span class='ocrx_word' id='word_1_347' title='bbox 817 3728 1046 3789; x_wconf 88' lang='lat' dir='ltr'><strong>illuminationis</strong></span> <span class='ocrx_word' id='word_1_348' title='bbox 1077 3734 1168 3804; x_wconf 89' lang='lat' dir='ltr'><strong>atque</strong></span> 
     </span>
     <span class='ocr_line' id='line_1_42' title="bbox 56 3812 1168 3891; baseline -0.002 -15"><span class='ocrx_word' id='word_1_349' title='bbox 56 3815 280 3876; x_wconf 85' lang='lat' dir='ltr'><strong>communionis</strong></span> <span class='ocrx_word' id='word_1_350' title='bbox 309 3812 410 3874; x_wconf 88' lang='lat' dir='ltr'><strong>adhuc</strong></span> <span class='ocrx_word' id='word_1_351' title='bbox 441 3829 564 3889; x_wconf 90' lang='lat' dir='ltr'><strong>exsors,</strong></span> <span class='ocrx_word' id='word_1_352' title='bbox 596 3813 688 3874; x_wconf 91' lang='lat' dir='ltr'><strong>huius</strong></span> <span class='ocrx_word' id='word_1_353' title='bbox 712 3812 864 3875; x_wconf 89' lang='lat' dir='ltr'><strong>desiderio</strong></span> <span class='ocrx_word' id='word_1_354' title='bbox 887 3819 998 3891; x_wconf 86' lang='lat' dir='ltr'><strong>sponte</strong></span> <span class='ocrx_word' id='word_1_355' title='bbox 1021 3830 1083 3874; x_wconf 92' lang='lat' dir='ltr'><strong>non</strong></span> <span class='ocrx_word' id='word_1_356' title='bbox 1103 3815 1168 3874; x_wconf 87' lang='lat' dir='ltr'><strong>aiii-</strong></span> 
     </span>
     <span class='ocr_line' id='line_1_43' title="bbox 55 3899 1165 3977; baseline -0.001 -14"><span class='ocrx_word' id='word_1_357' title='bbox 55 3902 167 3975; x_wconf 88' lang='lat' dir='ltr'><strong>cietur,</strong></span> <span class='ocrx_word' id='word_1_358' title='bbox 192 3900 248 3961; x_wconf 91' lang='lat' dir='ltr'><strong>sed</strong></span> <span class='ocrx_word' id='word_1_359' title='bbox 267 3902 380 3960; x_wconf 90' lang='lat' dir='ltr'><strong>sensim</strong></span> <span class='ocrx_word' id='word_1_360' title='bbox 402 3916 457 3977; x_wconf 90' lang='lat' dir='ltr'><strong>per</strong></span> <span class='ocrx_word' id='word_1_361' title='bbox 479 3901 576 3976; x_wconf 89' lang='lat' dir='ltr'><strong>prima</strong></span> <span class='ocrx_word' id='word_1_362' title='bbox 599 3916 655 3960; x_wconf 85' lang='lat' dir='ltr'><strong>sua</strong></span> <span class='ocrx_word' id='word_1_363' title='bbox 679 3899 716 3960; x_wconf 91' lang='lat' dir='ltr'><strong>ad</strong></span> <span class='ocrx_word' id='word_1_364' title='bbox 740 3901 841 3975; x_wconf 88' lang='lat' dir='ltr'><strong>priora</strong></span> <span class='ocrx_word' id='word_1_365' title='bbox 863 3903 954 3961; x_wconf 85' lang='lat' dir='ltr'><strong>etiam</strong></span> <span class='ocrx_word' id='word_1_366' title='bbox 978 3917 1016 3961; x_wconf 92' lang='lat' dir='ltr'><strong>ac</strong></span> <span class='ocrx_word' id='word_1_367' title='bbox 1038 3901 1165 3976; x_wconf 85' lang='lat' dir='ltr'><strong>potiora,</strong></span> 
     </span>
     <span class='ocr_line' id='line_1_44' title="bbox 54 3985 1169 4064; baseline -0.001 -14"><span class='ocrx_word' id='word_1_368' title='bbox 54 3994 87 4051; x_wconf 84' lang='lat' dir='ltr'><strong>et</strong></span> <span class='ocrx_word' id='word_1_369' title='bbox 113 3987 275 4049; x_wconf 86' lang='lat' dir='ltr'><strong>absolutus</strong></span> <span class='ocrx_word' id='word_1_370' title='bbox 304 3987 342 4047; x_wconf 92' lang='lat' dir='ltr'><strong>ad</strong></span> <span class='ocrx_word' id='word_1_371' title='bbox 372 4000 524 4047; x_wconf 88' lang='lat' dir='ltr'><strong>summam</strong></span> <span class='ocrx_word' id='word_1_372' title='bbox 553 3987 676 4046; x_wconf 90' lang='lat' dir='ltr'><strong>demum</strong></span> <span class='ocrx_word' id='word_1_373' title='bbox 706 3985 799 4046; x_wconf 90' lang='lat' dir='ltr'><strong>divini</strong></span> <span class='ocrx_word' id='word_1_374' title='bbox 822 3988 937 4064; x_wconf 90' lang='lat' dir='ltr'><strong>imperii</strong></span> <span class='ocrx_word' id='word_1_375' title='bbox 958 3989 989 4046; x_wconf 95' lang='lat' dir='ltr'><strong>in</strong></span> <span class='ocrx_word' id='word_1_376' title='bbox 1011 3987 1116 4048; x_wconf 91' lang='lat' dir='ltr'><strong>ordine</strong></span> <span class='ocrx_word' id='word_1_377' title='bbox 1137 3994 1169 4049; x_wconf 91' lang='grc' dir='ltr'><strong>ει</strong></span> 
     </span>
     <span class='ocr_line' id='line_1_45' title="bbox 54 4071 1168 4150; baseline -0.001 -13"><span class='ocrx_word' id='word_1_378' title='bbox 54 4080 164 4138; x_wconf 77' lang='lat' dir='ltr'><strong>cuncte</strong></span> <span class='ocrx_word' id='word_1_379' title='bbox 201 4073 349 4135; x_wconf 84' lang='lat' dir='ltr'><strong>evehatur</strong></span> <span class='ocrx_word' id='word_1_380' title='bbox 383 4074 652 4135; x_wconf 59' lang='lat' dir='ltr'><strong>communionem}</strong></span> <span class='ocrx_word' id='word_1_381' title='bbox 708 4071 759 4133; x_wconf 90' lang='lat' dir='ltr'><strong>Sic</strong></span> <span class='ocrx_word' id='word_1_382' title='bbox 785 4074 877 4150; x_wconf 86' lang='lat' dir='ltr'><strong>igitur</strong></span> <span class='ocrx_word' id='word_1_383' title='bbox 904 4073 1074 4136; x_wconf 90' lang='lat' dir='ltr'><strong>secuudum</strong></span> <span class='ocrx_word' id='word_1_384' title='bbox 1102 4090 1168 4136; x_wconf 90' lang='lat' dir='ltr'><strong>rna·</strong></span> 
     </span>
    </p>
   </div>
   <div class='ocr_carea' id='block_1_3' title="bbox 124 4336 880 4410">
    <p class='ocr_par' dir='ltr' id='par_1_3' title="bbox 124 4336 880 4410">
     <span class='ocr_line' id='line_1_46' title="bbox 124 4336 880 4410; baseline -0.001 -15"><span class='ocrx_word' id='word_1_385' title='bbox 124 4344 152 4396; x_wconf 76' lang='lat'><strong>4.</strong></span> <span class='ocrx_word' id='word_1_386' title='bbox 171 4341 269 4397; x_wconf 76' lang='lat' dir='ltr'><strong>liudem</strong></span> <span class='ocrx_word' id='word_1_387' title='bbox 287 4357 378 4394; x_wconf 80' lang='lat' dir='ltr'><strong>manus</strong></span> <span class='ocrx_word' id='word_1_388' title='bbox 398 4342 584 4410; x_wconf 83' lang='lat' dir='ltr'><strong>superscripsit</strong></span> <span class='ocrx_word' id='word_1_389' title='bbox 600 4336 670 4392; x_wconf 72' lang='lat' dir='ltr'><strong>aucti</strong></span> <span class='ocrx_word' id='word_1_390' title='bbox 689 4341 715 4392; x_wconf 90' lang='lat' dir='ltr'><strong>iu</strong></span> <span class='ocrx_word' id='word_1_391' title='bbox 736 4341 795 4393; x_wconf 88' lang='lat' dir='ltr'><strong>cod.</strong></span> <span class='ocrx_word' id='word_1_392' title='bbox 815 4341 880 4394; x_wconf 88' lang='lat' dir='ltr'><strong>Gud.</strong></span> 
     </span>
    </p>
   </div>
   <div class='ocr_carea' id='block_1_4' title="bbox 0 0 1385 4778">
    <p class='ocr_par' dir='ltr' id='par_1_4' title="bbox 0 0 1385 4778">
     <span class='ocr_line' id='line_1_47' title="bbox 0 0 1385 4778; baseline 0 0"><span class='ocrx_word' id='word_1_393' title='bbox 0 0 1385 4778; x_wconf 95' lang='lat' dir='ltr'><strong> </strong></span> 
     </span>
    </p>
   </div>
  </div>
 </body>
</html>
