2752 4778
1065 220 1144 299 m

22 412 113 466 ctum
143 405 276 465 invicem
306 405 364 464 sibl
394 409 536 464 concreta
566 404 723 480 singulare
746 403 899 478 quoddam
921 406 1037 466 babent
1059 407 1146 481 quod.

22 493 168 554 subiecto
203 491 344 551 minime·
361 489 552 569 dissipetur..
575 522 577 528 ·
603 491 703 565 Atque
737 492 826 551 testis
860 491 970 552 borum
1003 493 1139 570 locuples

23 593 125 639 verax
153 593 190 638 ac
219 577 339 637 divinus
365 581 450 636 vates
472 593 603 654 magnus
626 576 677 635 ille
699 582 730 637 et
752 582 877 638 sanctus
900 577 1063 659 Dionysius
1087 580 1141 639 ad·

23 669 79 726 est
99 664 303 741 areopagita,
336 662 366 720 in
396 665 494 738 capite
523 662 561 722 de
584 661 717 738 perlecto
740 668 770 724 et
791 680 852 723 uno
875 666 976 740 operis
999 665 1038 726 da
1061 663 1140 726 Divi·

23 752 77 811 nis
93 749 270 810 Nominibus
287 749 449 825 conscripti
465 749 510 808 sio
528 749 688 824 disputans
699 768 722 816 z,
739 746 859 826 ,Neque
870 753 959 811 'enim
978 747 1140 812 multitudo

22 837 158 897 unitatis
186 835 308 911 quidem
336 851 446 911 expers
478 841 540 905 εει,
574 836 667 895 immo
695 835 776 910 quod
806 837 900 897 multa
928 845 976 897 est
1003 836 1140 912 partibus

22 936 127 984 unum
149 923 248 982 estin
270 926 347 995 toto,
377 921 518 996 quodque
541 921 636 981 multa
660 927 707 980 est
729 919 951 998 accidentibus,
975 939 1070 984 unum
1093 929 1141 984 est

22 1011 58 1068 in
89 1009 245 1081 subiecto,
277 1007 418 1082 quodque
441 1008 535 1068 multa
557 1022 685 1066 numero
708 1008 772 1066 sive
793 1011 1015 1086 potestatibus,
1044 1027 1140 1070 unum

22 1098 76 1155 est
104 1096 135 1153 in
159 1095 277 1169 specie,
309 1093 451 1168 quodque
474 1093 568 1153 multa
592 1099 640 1154 est
662 1095 825 1170 speciebus
846 1111 941 1155 unum
964 1101 1012 1155 est
1033 1097 1063 1155 in
1088 1113 1141 1174 ge·

23 1196 120 1255 nere,
152 1181 293 1255 quodque
316 1181 411 1240 multa
434 1186 482 1240 est
504 1181 714 1254 incrementis,
744 1196 838 1240 unum
860 1187 908 1241 est
929 1183 958 1240 in
982 1183 1139 1258 principio,

23 1266 210 1341 nullumque
238 1282 340 1326 eorum
365 1282 445 1340 quae
467 1267 604 1326 existunt
626 1280 757 1339 usquam
782 1272 836 1326 aut
857 1283 992 1342 unquam
1014 1270 1140 1329 unitatis

23 1359 78 1414 est
107 1356 240 1429 expers.t
296 1353 396 1426 Atque
425 1351 616 1428 simpliciter,
645 1356 679 1411 ut
706 1353 835 1412 breviter
858 1353 973 1429 dicam,
1003 1355 1139 1415 omnium

23 1439 242 1501 distinctarum
272 1443 303 1497 et
333 1433 557 1513 particularium
587 1439 721 1497 rationes
752 1440 970 1500 universalium
994 1446 1025 1501 et
1047 1457 1141 1519 gene·

21 1525 153 1596 ralium,
186 1530 220 1584 ut
247 1523 366 1597 dicunt,
401 1525 569 1584 rationibus
599 1520 913 1602 comprehenduntur,
948 1527 990 1586 ita
1019 1527 1140 1601 quidem

22 1616 59 1673 ut
88 1611 315 1688 generaliorem
345 1611 504 1688 magisque
535 1610 752 1671 universalium
780 1613 915 1672 rationes
938 1629 956 1672 a
979 1615 1139 1689 sapientia,

22 1696 253 1776 particularium
282 1702 389 1755 contra
411 1697 577 1757 rationibus
601 1698 788 1773 generalium
810 1700 895 1758 varie
916 1698 1141 1760 inhaerentium

22 1785 164 1844 rationes
194 1800 211 1843 a
240 1782 399 1859 prudentia
430 1783 741 1858 comprehendantur,
778 1798 839 1858 qua
870 1785 1028 1861 explicitae
1053 1777 1140 1863 ¹prius

24 1870 259 1947 symbolicaque
295 1871 325 1929 in
359 1870 532 1951 actionibus
561 1871 706 1929 subiectis
736 1872 882 1932 varietate
911 1871 1011 1931 soluta
1043 1888 1061 1931 a
1090 1888 1141 1933 sa-

23 1957 145 2036 pientia
173 1957 322 2016 inunum
345 1962 512 2032 coguntur,
543 1956 572 2014 in
595 1955 783 2015 identitatem
806 1973 874 2016 cum
899 1958 1139 2034 generalioribus

25 2043 247 2121 cognationem
270 2042 407 2116 adeptae.
465 2040 620 2116 Sapientia
644 2047 745 2100 autem
768 2040 819 2101 dei
841 2059 878 2102 ac
900 2045 995 2118 patris
1019 2050 1048 2103 et
1069 2060 1141 2118 pru-

24 2129 143 2190 dentia
169 2134 218 2188 est
254 2122 394 2187 dominus
431 2126 518 2188 lesus
546 2126 701 2201 christus,
739 2127 791 2201 qui
829 2129 920 2189 etiarn
954 2130 1141 2190 universalia

26 2231 136 2276 eorum
160 2230 238 2290 qnae
260 2219 333 2275 sunt
354 2215 522 2295 sapientiae
543 2217 695 2289 potestate
717 2214 869 2288 continet,
891 2219 921 2273 et
943 2215 1140 2291 completivas

25 2304 140 2363 horum
170 2306 274 2383 partes
303 2301 530 2376 intellegentiae
552 2300 714 2377 prudentia
736 2299 979 2376 comprehendit,
1008 2306 1042 2361 ut
1063 2319 1140 2362 cun-

26 2394 146 2450 ctorum
175 2387 353 2447 naturaliter
382 2386 489 2446 artilex
520 2391 611 2462 atque
640 2387 793 2461 provisor,
829 2386 921 2461 inque
950 2403 1045 2448 unum
1069 2405 1141 2449 con-

28 2490 167 2555 gregans
197 2489 252 2549 per
280 2473 477 2548 semetipsum
508 2489 546 2532 ea
575 2487 654 2547 quae
682 2472 813 2545 distant,
848 2488 885 2532 ac
907 2474 1019 2535 bellum
1042 2477 1073 2535 in
1097 2476 1141 2535 eis

28 2576 113 2640 quae
135 2560 270 2620 existunt
292 2558 475 2637 profligans,
499 2565 530 2618 et
551 2558 591 2617 ad
612 2558 774 2635 pacificum
797 2574 931 2622 amorem
953 2562 1142 2638 inseparabi-

27 2649 153 2721 lemque
185 2644 377 2706 concordiam
411 2650 522 2705 ouncta
551 2649 754 2720 connectam,
789 2650 852 2706 tarn
881 2660 960 2722 quae
988 2649 1018 2707 in
1048 2648 1180 2709 oaeliss'

30 2749 123 2816 quam
151 2733 281 2808 quaein
305 2737 401 2802 terra,
431 2737 465 2792 ut
487 2733 529 2792 ait
551 2731 671 2791 divinus
695 2731 864 2808 apostolus.

28 2940 161 3017 Altera
186 2942 225 3051 in
247 2941 402 3015 eandem
426 2941 675 3053 quaestionem
701 2892 972 3039 contemplatio.

78 3135 83 3140 -
136 3091 324 3157 innovantur
353 3108 460 3151 rursus
484 3096 625 3166 naturae,
657 3090 774 3166 divina,
803 3106 872 3150 cum
896 3090 935 3151 de
957 3092 1089 3152 bonitate
1112 3100 1143 3154 et

29 3181 158 3243 caritate
186 3181 338 3245 immensa
368 3179 487 3256 legibus
518 3183 648 3238 naturae
677 3176 785 3237 solutis
808 3182 919 3253 sponte
941 3192 996 3252 per
1018 3193 1142 3238 carnem

28 3267 199 3339 humanam,
228 3265 365 3344 generari
395 3265 504 3340 voluit,
534 3266 654 3338 nostra,
686 3280 755 3323 curn
784 3263 994 3323 admirandum
1025 3264 1054 3322 in
1077 3280 1143 3324 mo-

29 3355 103 3415 dum
132 3369 256 3412 carnem
284 3367 346 3411 non
377 3356 493 3422 satam,
526 3364 606 3426 quae
627 3365 755 3426 prorsus
779 3365 847 3410 oum
871 3351 978 3407 nostra
1001 3351 1148 3430 convenit

28 3456 88 3501 nec
120 3439 178 3498 nisi
209 3437 268 3498 boc
296 3453 358 3499 uno
388 3439 427 3497 ab
455 3453 492 3496 ea
521 3436 616 3496 differt
645 3436 725 3511 quod
755 3439 914 3511 peccatum
942 3450 1002 3493 non
1032 3438 1141 3511 capiat,

28 3525 218 3587 rationaliter
247 3525 411 3585 animatam
435 3523 534 3583 alieno
554 3528 677 3600 praeter
698 3528 841 3585 naturam
866 3520 987 3581 vinculo
1010 3520 1068 3580 deo
1091 3524 1142 3598 qni

28 3629 102 3674 caro
119 3611 222 3692 'iactus
245 3616 293 3683 est
315 3609 469 3685 conciliet,
494 3608 636 3684 quodque
659 3608 758 3685 magis
782 3605 995 3668 admirandum
1015 3611 1077 3677 est,
1100 3607 1146 3678 ita,

29 3697 186 3769 conciliet,
224 3701 257 3756 ut
291 3696 471 3774 virginitatis
501 3696 568 3755 eius
598 3709 678 3770 quae
706 3699 805 3754 mater
832 3710 885 3769 per
912 3694 1142 3771 generationem

27 3786 112 3847 iacta
134 3789 182 3844 est
204 3798 399 3858 nequaquam
422 3781 595 3842 violaretur.
646 3779 805 3840 innovatio
828 3785 929 3839 autem
952 3781 1072 3857 proprie
1095 3784 1143 3838 est

28 3887 90 3931 non
120 3870 219 3931 solum
249 3869 331 3945 quod
360 3870 386 3928 is
410 3869 463 3943 qui
485 3869 550 3929 sine
572 3867 719 3943 principio
742 3864 885 3926 ineffabili
907 3865 998 3924 modo
1021 3881 1061 3926 ax
1084 3864 1144 3932 deo

27 3974 65 4019 ac
87 3962 174 4034 patre
197 3956 274 4016 deus
298 3971 398 4015 sermo
421 3956 481 4014 iam
505 3956 670 4030 generatus
689 3955 756 4012 erat
772 3951 980 4027 temporaliter
996 3953 1026 4011 in
1047 3967 1142 4013 carne

28 4049 196 4122 generatus
226 4047 290 4114 est,
325 4041 380 4100 sed
410 4040 470 4100 hoc
499 4054 620 4115 quoque
650 4037 731 4113 quod
758 4042 864 4097 nostra
886 4043 995 4098 natura
1019 4053 1141 4098 caruem

27 4132 97 4192 sine
127 4130 245 4191 semine
263 4128 427 4203 praebuit,
463 4122 609 4201 etquod¹
631 4125 718 4202 virgo
739 4123 886 4184 inviolata
910 4124 1036 4200 peperit.
1080 4122 1148 4184 llo-.-

26 4233 94 4279 rum
126 4216 207 4276 enim
236 4213 377 4291 quodque
405 4212 598 4274 manifestam
629 4210 806 4288 praeterens
828 4211 1062 4272 innovationem
1080 4226 1145 4286 qua⁴

25 4308 123 4366 natus
155 4303 195 4363 sit
221 4302 369 4363 rationem
401 4314 551 4383 arcanam
575 4304 665 4372 atque
695 4297 880 4376 incognitam
910 4297 1034 4358 omnino
1064 4297 1142 4358 celat

25 4391 142 4468 pariter
169 4392 261 4464 atque
289 4388 496 4459 demonstrat,
530 4383 657 4449 alterum
688 4383 779 4445 modo
809 4388 951 4447 naturam
974 4388 1067 4459 atqua
1089 4400 1142 4445 oo·
