2752 4778
1100 56 1172 136 tit

49 224 234 305 ‚radonem
253 225 346 285 simui
369 239 439 287 cum
462 228 676 304 conceptione,
705 244 746 289 na
767 232 912 306 temporis
934 243 1087 299 momento
1110 242 1177 316 qui·

60 308 139 371 dem
159 309 405 385 praeinteliecio,
429 312 587 386 accepisse
608 312 766 375 dominum
788 316 911 379 vitalem
934 321 1089 398 spiritum,
1112 328 1176 388 sive

60 395 311 470 inspirationem,
342 412 398 471 pro
425 397 615 460 humanitate
644 415 719 477 sua,
749 400 810 461 boc
832 407 880 463 est
901 406 1034 467 animaru
1056 410 1176 472 intelie-

61 479 197 541 ctuaiem
218 497 281 541 una
304 497 373 542 cum
395 497 520 559 corpore
543 500 583 544 ex
603 486 798 546 immaculata
817 488 950 565 virgine,
979 496 1010 552 et
1027 509 1087 554 non
1104 502 1174 570 post

60 567 308 640 conceptionem,
339 568 443 629 deiinit
464 570 579 630 doctor.
1090 614 1099 621 --

58 722 198 801 Contra
218 730 364 828 eosqui
386 712 515 806 dicunt
533 720 674 807 animas
696 745 779 810 ante
801 760 954 835 corpora
978 740 1146 843 existere.

52 927 74 949 .·
170 862 299 935 Quidam
323 865 402 924 enim
426 865 545 937 dicunt,
573 868 617 926 uti
638 869 698 926 iam
720 869 876 943 praetatus
899 886 984 947 sum,
1015 879 1085 934 ante
1107 892 1174 936 cor-

57 962 139 1023 pora
167 949 285 1008 animas
313 951 459 1027 existere,
491 951 540 1011 aiii
568 968 640 1012 vero
669 959 775 1013 contra
803 960 873 1015 ante
897 957 1017 1016 animas
1041 961 1173 1023 existere

58 1048 199 1109 corpora.
248 1033 310 1094 Nos
343 1041 445 1096 autem
467 1037 568 1098 media
591 1040 656 1108 via,
685 1043 719 1098 ut
740 1042 841 1117 regia,
874 1043 1043 1102 secundum
1066 1051 1170 1120 patres

58 1124 182 1178 nostros
204 1119 398 1196 incedentes,
436 1137 537 1196 neque
559 1123 740 1184 anteriorem
762 1139 861 1198 neque
884 1130 1085 1202 posteriorem
1108 1134 1173 1191 ani-

57 1218 132 1265 mae
162 1207 336 1280 corporisve
373 1208 566 1268 existentiam
605 1209 807 1284 affirmamus,
845 1212 900 1270 sed
937 1216 1172 1278 coexistentiam
1239 1238 1242 1243 ·

55 1291 179 1367 potius,
208 1290 421 1353 inclinationes
444 1294 474 1353 in
497 1299 657 1368 utramque
679 1298 797 1369 partem
822 1303 984 1370 caventes,
1014 1315 1172 1376 acusque

56 1377 269 1437 sinistrorsum
298 1392 398 1452 neque
427 1379 638 1450 dextrorsum,
666 1383 701 1439 ut
731 1385 839 1440 sancta
870 1384 1019 1458 scriptura
1041 1384 1172 1459 loquitur

56 1463 184 1521 omniuo
207 1464 447 1540 propendentes,
479 1469 651 1525 metuentes
673 1468 771 1535 metu,
806 1481 866 1541 quo
889 1467 964 1526 nibil
985 1472 1084 1548 magis
1106 1488 1172 1532 me·

56 1546 209 1609 tuendum
239 1552 303 1621 est,
338 1564 377 1608 ne
405 1549 499 1622 torte,
534 1551 559 1608 si
588 1552 795 1625 praeexistere
825 1552 963 1612 dicamus
992 1558 1170 1631 corporibus

55 1634 198 1704 animas,
228 1649 265 1693 ac
293 1634 432 1710 supplicii
455 1650 550 1695 causa
574 1637 743 1695 animarum
765 1636 862 1696 tuisse
883 1640 1008 1698 inventa
1031 1657 1171 1718 corpora,

55 1723 182 1795 propter
212 1718 328 1796 flagitia
357 1735 438 1795 quae
465 1722 504 1780 ab
533 1721 570 1779 iis
600 1727 671 1782 ante
698 1737 826 1796 corpora
857 1726 1023 1797 commissa
1051 1725 1171 1799 fuerint,

55 1805 315 1880 praestantissimi
336 1804 446 1865 borum
470 1820 548 1880 quae
571 1807 669 1867 oculis
693 1806 831 1866 subiecta
849 1815 921 1868 suut
939 1814 970 1868 et
990 1811 1171 1873 nobilissimi

55 1888 185 1966 opificii,
217 1907 270 1966 per
292 1891 372 1965 quod
396 1892 573 1968 agnoscitur
595 1890 672 1951 deus
693 1891 785 1951 tacito
807 1895 970 1967 praeconio
993 1897 1170 1957 manifesta-

55 1981 127 2050 tus,
158 1974 226 2035 soia
247 1974 363 2054 flagitia
382 1991 510 2036 causam
527 1976 622 2036 tuisse
639 1978 704 2036 iure
723 1979 928 2054 suspicemur,
952 1981 1169 2042 necessitatem

56 2058 118 2120 deo
146 2061 319 2121 inducentia
347 2067 469 2137 praeter
497 2063 663 2122 voluntatis
691 2064 878 2138 propositum
907 2069 941 2124 ut
963 2067 1170 2126 substantiam

56 2145 220 2222 conderet,
242 2147 329 2206 cuius
352 2146 482 2207 fortasse
505 2149 544 2207 ab
566 2149 650 2208 initio
674 2149 881 2208 necationem
905 2150 1028 2224 quidem
1050 2151 1168 2212 babue-

55 2233 97 2292 rit
125 2236 195 2292 aute
225 2233 350 2293 saccula
379 2248 447 2292 cum
476 2234 600 2307 reliquis
628 2233 788 2294 occultam.
837 2233 948 2294 Eorum
979 2237 1060 2296 enirn
1090 2252 1169 2312 quae

55 2322 165 2378 contra
198 2319 384 2394 propositum
412 2319 489 2378 iiunt
518 2319 609 2380 deum
638 2320 738 2379 dicere
768 2320 922 2380 essentiae
950 2321 1064 2381 habere
1093 2333 1168 2398 pro-

52 2402 218 2464 ducendae
245 2406 394 2474 rationeS‚
427 2420 488 2465 uon
518 2404 591 2477 mibi
618 2405 739 2463 videtur
765 2404 935 2479 prudentes
966 2422 1036 2466 esse
1065 2409 1167 2469 iudicii

53 2494 112 2549 εει
139 2488 305 2564 opinionis,
332 2496 363 2548 et
389 2494 545 2563 utcunque
574 2495 657 2549 recte
679 2490 717 2548 de
740 2488 789 2549 dei
810 2492 971 2557 maiestate
994 2494 1166 2569 sentientis,

53 2575 109 2651 qui
137 2574 222 2634 sotus
248 2577 317 2641 ¹sine
346 2572 555 2637 affectionibus
584 2579 632 2635 est
662 2581 691 2634 et
720 2591 832 2651 verax,
867 2592 924 2636 nec
948 2578 1113 2653 quidquam
1136 2578 1166 2638 in

51 2660 234 2734 ¹universum
271 2658 376 2729 babet,
398 2661 483 2721 iuxta
518 2662 761 2737 praeexistentes
796 2662 827 2721 in
860 2663 931 2738 ipso
958 2679 1058 2724 rerum
1088 2678 1168 2740 quae

54 2751 131 2807 sunt
158 2747 293 2811 rationes
322 2745 401 2820 quod
430 2762 539 2806 recens
568 2747 620 2819 sit,
653 2762 690 2806 ac
717 2749 896 2823 praesertim
927 2755 1031 2810 contra
1059 2750 1168 2810 voiun-

54 2832 129 2893 tatis
158 2831 359 2909 propositum.
421 2831 538 2891 Cuncta
567 2833 648 2891 enirn
679 2833 707 2889 ei
735 2835 892 2905 utcunque
922 2836 1085 2894 existentia
1115 2839 1168 2895 aut

55 2917 188 2978 extitura
224 2917 394 2976 secundum
429 2918 594 2977 essentiam
631 2917 691 2976 iam
727 2921 818 2976 antea
853 2916 962 2988 volita,
1002 2920 1166 2992 intellecta,

54 3008 173 3065 statuta
193 3001 331 3062 iderunt:
365 3003 473 3076 cuique
494 3017 568 3061 vcro
592 3016 695 3061 eorum
720 3016 798 3074 quae
822 3005 895 3061 sunt
915 3003 1001 3062 iuxta
1021 3003 1165 3065 idoneum

55 3086 313 3167 etopportuuum
334 3091 456 3163 tempus
480 3087 646 3148 essentiam
669 3087 772 3147 tribuit
794 3092 825 3147 et
851 3088 1063 3147 substantiam.
1107 3086 1167 3149 Ne·

55 3188 119 3251 que
138 3174 227 3234 enim
257 3173 379 3248 quando
408 3174 588 3234 obicientem
618 3172 772 3248 quidpiam
796 3173 887 3232 deum
908 3173 1062 3247 videmus,
1093 3178 1167 3234 tunc

56 3272 180 3336 quoque
209 3258 376 3319 voluntatis
405 3261 486 3319 circa
514 3275 582 3318 eum
611 3266 675 3318 rem
702 3259 820 3318 initium
843 3258 953 3318 iecisse
976 3264 1028 3317 εει
1048 3259 1168 3320 intelie-

55 3350 126 3407 ctus
145 3348 197 3405 aut
216 3344 398 3422 cognitionis
415 3346 515 3421 ipsum
535 3345 722 3405 arbitremur.
759 3343 855 3403 Absit.
889 3342 954 3403 Hoc
972 3345 1051 3403 enim
1071 3344 1167 3404 muita

55 3429 191 3509 proiecto
215 3428 403 3491 absurditate
425 3436 572 3505 scateret,
597 3430 622 3488 si
646 3428 728 3505 quod
750 3429 826 3489 deus
847 3432 885 3488 ab
904 3429 987 3488 initio
1007 3435 1077 3490 ante
1096 3444 1166 3489 sae-

56 3516 130 3579 cula
159 3531 258 3590 usque
285 3517 445 3593 cogitavit,
476 3523 529 3576 aut
558 3515 663 3575 statuit
681 3520 718 3587 ,ut
740 3519 840 3589 esset,
871 3520 923 3574 εει
945 3515 1055 3586 εοιεὶι,
1084 3530 1167 3575 εεεε

56 3602 199 3681 cogitans
230 3604 261 3662 et
290 3607 429 3662 statuens
460 3607 490 3661 et
520 3603 641 3674 volens,
679 3599 728 3659 vel
754 3601 965 3675 resipiscens,
1002 3606 1037 3659 ut
1060 3600 1167 3676 magis

55 3686 179 3767 proprie
197 3686 322 3761 loquar,
352 3691 386 3747 ut
402 3688 516 3747 bonum
534 3687 706 3761 perficeret:
737 3700 777 3745 ne
795 3683 892 3745 dicam
911 3684 992 3758 quod
1012 3700 1050 3744 ne
1066 3686 1168 3759 ipsam

57 3771 182 3850 quidem
204 3787 309 3834 eorum
332 3772 551 3833 factitationem
574 3786 701 3847 quorum
720 3771 854 3830 rationes
874 3769 1089 3831 antecedenter
1105 3786 1168 3830 non

56 3858 189 3931 babeat,
219 3857 312 3917 novit.
358 3856 453 3918 immo
475 3863 586 3918 cuncta
607 3856 655 3915 dci
677 3856 836 3916 voluntate
858 3872 913 3931 per
934 3857 1169 3932 praescientiam

58 3944 229 4005 secuudum
256 3942 402 4004 infinitam
433 3945 499 4004 eius
528 3944 669 4003 virtutem
692 3940 813 4017 semper
835 3943 982 4002 contineri
1005 3942 1167 4016 credimus,

58 4091 85 4166 a.
104 4109 277 4179 ἔφευρῆσθαι
296 4111 338 4162 ed.
352 4078 419 4162 Gaii,
458 4108 533 4162 *Sic
552 4109 610 4160 cod.
626 4070 693 4162 ῡεε.Ι
713 4117 738 4159 ει
756 4064 797 4160 ed.
814 4108 879 4160 Gaii.
921 4108 947 4160 d.
967 4100 1116 4179 εὐδόκησεν
1129 4106 1169 4158 ed.

61 4181 126 4236 Gaii·
163 4183 188 4234 7.
209 4172 311 4242 ἢόντα
330 4181 372 4231 ad.
389 4178 455 4232 Gaii.
486 4178 516 4239 ¹8.
535 4176 649 4231 ἔνθετον
667 4176 709 4230 ed.
725 4176 788 4232 Gali.
824 4178 848 4230 a.
868 4177 1017 4246 νομίζομεν
1035 4176 1153 4228 adGaii.
