<?xml version="1.0" encoding="UTF-8"?>
<!DOCTYPE html PUBLIC "-//W3C//DTD XHTML 1.0 Transitional//EN"
    "http://www.w3.org/TR/xhtml1/DTD/xhtml1-transitional.dtd">
<html xmlns="http://www.w3.org/1999/xhtml" xml:lang="en" lang="en">
 <head>
  <title>
</title>
<meta http-equiv="Content-Type" content="text/html;charset=utf-8" />
  <meta name='ocr-system' content='tesseract 3.04.00' />
  <meta name='ocr-capabilities' content='ocr_page ocr_carea ocr_par ocr_line ocrx_word'/>
</head>
<body>
  <div class='ocr_page' id='page_1' title='image "./sanctipatrisnos00maxigoog_0314.png"; bbox 0 0 2752 4778; ppageno 0'>
   <div class='ocr_carea' id='block_1_1' title="bbox 1101 185 1176 311">
    <p class='ocr_par' dir='ltr' id='par_1_1' title="bbox 1101 185 1176 311">
     <span class='ocr_line' id='line_1_1' title="bbox 1101 185 1176 311; baseline 0 0"><span class='ocrx_word' id='word_1_1' title='bbox 1101 185 1176 311; x_wconf 69' lang='lat' dir='ltr'>aa</span> 
     </span>
    </p>
   </div>
   <div class='ocr_carea' id='block_1_2' title="bbox 61 366 1177 707">
    <p class='ocr_par' dir='ltr' id='par_1_2' title="bbox 61 366 1177 707">
     <span class='ocr_line' id='line_1_2' title="bbox 61 366 1177 447; baseline 0.01 -20"><span class='ocrx_word' id='word_1_2' title='bbox 61 366 242 443; x_wconf 87' lang='lat' dir='ltr'>simpliciter</span> <span class='ocrx_word' id='word_1_3' title='bbox 263 369 297 426; x_wconf 93' lang='lat' dir='ltr'>ut</span> <span class='ocrx_word' id='word_1_4' title='bbox 317 366 426 443; x_wconf 88' lang='lat' dir='ltr'>paucis</span> <span class='ocrx_word' id='word_1_5' title='bbox 447 366 565 441; x_wconf 85' lang='lat' dir='ltr'>dicam,</span> <span class='ocrx_word' id='word_1_6' title='bbox 596 368 667 429; x_wconf 90' lang='lat' dir='ltr'>dura</span> <span class='ocrx_word' id='word_1_7' title='bbox 689 368 804 430; x_wconf 80' lang='lat' dir='ltr'>faciunt</span> <span class='ocrx_word' id='word_1_8' title='bbox 826 375 880 437; x_wconf 89' lang='lat' dir='ltr'>aut</span> <span class='ocrx_word' id='word_1_9' title='bbox 903 373 1074 447; x_wconf 84' lang='lat' dir='ltr'>patiuntur,</span> <span class='ocrx_word' id='word_1_10' title='bbox 1104 376 1177 439; x_wconf 88' lang='lat' dir='ltr'>actt·</span> 
     </span>
     <span class='ocr_line' id='line_1_3' title="bbox 63 451 1176 531; baseline 0.007 -18"><span class='ocrx_word' id='word_1_11' title='bbox 63 467 135 513; x_wconf 82' lang='lat' dir='ltr'>vam</span> <span class='ocrx_word' id='word_1_12' title='bbox 164 458 196 512; x_wconf 92' lang='lat' dir='ltr'>et</span> <span class='ocrx_word' id='word_1_13' title='bbox 225 452 395 513; x_wconf 77' lang='lat' dir='ltr'><strong>naturalem</strong></span> <span class='ocrx_word' id='word_1_14' title='bbox 424 457 455 513; x_wconf 92' lang='lat' dir='ltr'>et</span> <span class='ocrx_word' id='word_1_15' title='bbox 482 451 687 531; x_wconf 80' lang='lat' dir='ltr'>theologicam</span> <span class='ocrx_word' id='word_1_16' title='bbox 716 452 755 514; x_wconf 88' lang='lat' dir='ltr'>de</span> <span class='ocrx_word' id='word_1_17' title='bbox 784 459 891 515; x_wconf 85' lang='lat' dir='ltr'>matun</span> <span class='ocrx_word' id='word_1_18' title='bbox 914 472 1018 518; x_wconf 90' lang='lat' dir='ltr'>earum</span> <span class='ocrx_word' id='word_1_19' title='bbox 1033 459 1119 519; x_wconf 88' lang='lat' dir='ltr'>&#39;inter</span> <span class='ocrx_word' id='word_1_20' title='bbox 1141 477 1176 521; x_wconf 91' lang='lat' dir='ltr'>se</span> 
     </span>
     <span class='ocr_line' id='line_1_4' title="bbox 61 534 1176 621; baseline 0.003 -18"><span class='ocrx_word' id='word_1_21' title='bbox 61 554 146 603; x_wconf 77' lang='lat' dir='ltr'>nexu</span> <span class='ocrx_word' id='word_1_22' title='bbox 167 539 262 598; x_wconf 85' lang='lat' dir='ltr'>-varie</span> <span class='ocrx_word' id='word_1_23' title='bbox 291 539 378 598; x_wconf 92' lang='lat' dir='ltr'>nobis</span> <span class='ocrx_word' id='word_1_24' title='bbox 400 538 598 600; x_wconf 90' lang='lat' dir='ltr'>introducunt</span> <span class='ocrx_word' id='word_1_25' title='bbox 619 538 859 616; x_wconf 82' lang='lat' dir='ltr'><strong>philosophiam,</strong></span> <span class='ocrx_word' id='word_1_26' title='bbox 892 534 961 601; x_wconf 90' lang='lat' dir='ltr'>cum</span> <span class='ocrx_word' id='word_1_27' title='bbox 983 546 1176 621; x_wconf 89' lang='lat' dir='ltr'>unumquod-</span> 
     </span>
     <span class='ocr_line' id='line_1_5' title="bbox 61 625 1175 707; baseline 0.005 -20"><span class='ocrx_word' id='word_1_28' title='bbox 61 640 124 702; x_wconf 82' lang='lat' dir='ltr'>qaa</span> <span class='ocrx_word' id='word_1_29' title='bbox 154 640 260 685; x_wconf 83' lang='lat' dir='ltr'>aarum</span> <span class='ocrx_word' id='word_1_30' title='bbox 289 625 431 685; x_wconf 90' lang='lat' dir='ltr'>nimirum</span> <span class='ocrx_word' id='word_1_31' title='bbox 460 641 539 701; x_wconf 91' lang='lat' dir='ltr'>qaae</span> <span class='ocrx_word' id='word_1_32' title='bbox 566 625 647 685; x_wconf 90' lang='lat' dir='ltr'>dicta</span> <span class='ocrx_word' id='word_1_33' title='bbox 677 632 750 686; x_wconf 92' lang='lat' dir='ltr'>sunt</span> <span class='ocrx_word' id='word_1_34' title='bbox 771 626 965 688; x_wconf 80' lang='lat' dir='ltr'>multifariam</span> <span class='ocrx_word' id='word_1_35' title='bbox 988 631 1175 707; x_wconf 86' lang='lat' dir='ltr'>contempla-</span> 
     </span>
    </p>
   </div>
   <div class='ocr_carea' id='block_1_3' title="bbox 60 711 1298 793">
    <p class='ocr_par' dir='ltr' id='par_1_3' title="bbox 60 711 1298 793">
     <span class='ocr_line' id='line_1_6' title="bbox 60 711 1298 793; baseline 0.002 -20"><span class='ocrx_word' id='word_1_36' title='bbox 60 711 154 773; x_wconf 87' lang='lat' dir='ltr'>tionis</span> <span class='ocrx_word' id='word_1_37' title='bbox 184 712 267 771; x_wconf 89' lang='lat' dir='ltr'>circa</span> <span class='ocrx_word' id='word_1_38' title='bbox 296 727 334 771; x_wconf 91' lang='lat' dir='ltr'>se</span> <span class='ocrx_word' id='word_1_39' title='bbox 360 712 460 787; x_wconf 91' lang='lat' dir='ltr'>ipsum</span> <span class='ocrx_word' id='word_1_40' title='bbox 489 711 722 789; x_wconf 76' lang='lat' dir='ltr'>cogitationibus</span> <span class='ocrx_word' id='word_1_41' title='bbox 746 728 816 771; x_wconf 88' lang='lat' dir='ltr'>curn</span> <span class='ocrx_word' id='word_1_42' title='bbox 838 711 930 773; x_wconf 92' lang='lat' dir='ltr'>laude</span> <span class='ocrx_word' id='word_1_43' title='bbox 952 721 1006 775; x_wconf 91' lang='lat' dir='ltr'>aut</span> <span class='ocrx_word' id='word_1_44' title='bbox 1027 716 1174 793; x_wconf 85' lang='lat' dir='ltr'>vituperio</span> <span class='ocrx_word' id='word_1_45' title='bbox 1292 764 1298 775; x_wconf 92' lang='lat'>.</span> 
     </span>
    </p>
   </div>
   <div class='ocr_carea' id='block_1_4' title="bbox 57 797 1177 2079">
    <p class='ocr_par' dir='ltr' id='par_1_4' title="bbox 57 797 1177 2079">
     <span class='ocr_line' id='line_1_7' title="bbox 61 797 1173 883; baseline 0.004 -23"><span class='ocrx_word' id='word_1_46' title='bbox 61 798 249 874; x_wconf 74' lang='lat' dir='ltr'>accipiatur,</span> <span class='ocrx_word' id='word_1_47' title='bbox 290 812 426 873; x_wconf 90' lang='lat' dir='ltr'>suasque</span> <span class='ocrx_word' id='word_1_48' title='bbox 460 798 595 883; x_wconf 87' lang='lat' dir='ltr'>rationes</span> <span class='ocrx_word' id='word_1_49' title='bbox 631 797 790 859; x_wconf 86' lang='lat' dir='ltr'>faciendas</span> <span class='ocrx_word' id='word_1_50' title='bbox 825 805 878 858; x_wconf 90' lang='lat' dir='ltr'>aut</span> <span class='ocrx_word' id='word_1_51' title='bbox 910 816 972 859; x_wconf 90' lang='lat' dir='ltr'>non</span> <span class='ocrx_word' id='word_1_52' title='bbox 1006 801 1173 879; x_wconf 86' lang='lat' dir='ltr'>iaciendas,</span> 
     </span>
     <span class='ocr_line' id='line_1_8' title="bbox 60 882 1174 966; baseline 0.004 -21"><span class='ocrx_word' id='word_1_53' title='bbox 60 883 221 946; x_wconf 78' lang='lat' dir='ltr'>naturales</span> <span class='ocrx_word' id='word_1_54' title='bbox 252 888 307 943; x_wconf 89' lang='lat' dir='ltr'>aut</span> <span class='ocrx_word' id='word_1_55' title='bbox 328 884 535 954; x_wconf 84' lang='lat' dir='ltr'>innaturales,</span> <span class='ocrx_word' id='word_1_56' title='bbox 567 882 857 962; x_wconf 87' lang='lat' dir='ltr'>intellegibilcs&#39;aut</span> <span class='ocrx_word' id='word_1_57' title='bbox 880 901 940 944; x_wconf 93' lang='lat' dir='ltr'>non</span> <span class='ocrx_word' id='word_1_58' title='bbox 961 887 1174 966; x_wconf 85' lang='lat' dir='ltr'>intellegibiles</span> 
     </span>
     <span class='ocr_line' id='line_1_9' title="bbox 60 967 1177 1046; baseline 0.003 -13"><span class='ocrx_word' id='word_1_59' title='bbox 60 968 217 1033; x_wconf 77' lang='lat' dir='ltr'>nstandai.</span> <span class='ocrx_word' id='word_1_60' title='bbox 263 967 382 1044; x_wconf 87' lang='lat' dir='ltr'>Duplex</span> <span class='ocrx_word' id='word_1_61' title='bbox 405 972 501 1045; x_wconf 90' lang='lat' dir='ltr'>enim,</span> <span class='ocrx_word' id='word_1_62' title='bbox 531 971 576 1030; x_wconf 91' lang='lat' dir='ltr'>uti</span> <span class='ocrx_word' id='word_1_63' title='bbox 597 970 675 1044; x_wconf 85' lang='lat' dir='ltr'>dixi,</span> <span class='ocrx_word' id='word_1_64' title='bbox 697 971 940 1046; x_wconf 86' lang='lat' dir='ltr'>uniuscuiusque</span> <span class='ocrx_word' id='word_1_65' title='bbox 961 975 1087 1034; x_wconf 90' lang='lat' dir='ltr'>rationis</span> <span class='ocrx_word' id='word_1_66' title='bbox 1110 992 1177 1044; x_wconf 70' lang='lat' dir='ltr'>mo·,</span> 
     </span>
     <span class='ocr_line' id='line_1_10' title="bbox 59 1051 1173 1137; baseline 0.004 -20"><span class='ocrx_word' id='word_1_67' title='bbox 59 1057 121 1119; x_wconf 85' lang='lat' dir='ltr'>dus</span> <span class='ocrx_word' id='word_1_68' title='bbox 143 1060 207 1130; x_wconf 88' lang='lat' dir='ltr'>cst,</span> <span class='ocrx_word' id='word_1_69' title='bbox 237 1055 275 1115; x_wconf 92' lang='lat' dir='ltr'>ad</span> <span class='ocrx_word' id='word_1_70' title='bbox 297 1055 471 1116; x_wconf 77' lang='lat' dir='ltr'>facultatem</span> <span class='ocrx_word' id='word_1_71' title='bbox 494 1057 561 1116; x_wconf 91' lang='lat' dir='ltr'>eius</span> <span class='ocrx_word' id='word_1_72' title='bbox 585 1057 635 1130; x_wconf 89' lang='lat' dir='ltr'>qui</span> <span class='ocrx_word' id='word_1_73' title='bbox 658 1051 922 1132; x_wconf 72' lang='lat' dir='ltr'>contemplationis</span> <span class='ocrx_word' id='word_1_74' title='bbox 945 1058 975 1117; x_wconf 92' lang='lat' dir='ltr'>in</span> <span class='ocrx_word' id='word_1_75' title='bbox 999 1061 1173 1137; x_wconf 76' lang='lat' dir='ltr'>eiscxplo-</span> 
     </span>
     <span class='ocr_line' id='line_1_11' title="bbox 58 1141 1172 1217; baseline 0.003 -13"><span class='ocrx_word' id='word_1_76' title='bbox 58 1145 213 1205; x_wconf 86' lang='lat' dir='ltr'>rationem</span> <span class='ocrx_word' id='word_1_77' title='bbox 236 1141 401 1217; x_wconf 85' lang='lat' dir='ltr'>prudenter</span> <span class='ocrx_word' id='word_1_78' title='bbox 422 1142 566 1216; x_wconf 89' lang='lat' dir='ltr'>instituit,</span> <span class='ocrx_word' id='word_1_79' title='bbox 581 1147 624 1213; x_wconf 77' lang='lat' dir='ltr'>,ut</span> <span class='ocrx_word' id='word_1_80' title='bbox 646 1158 685 1202; x_wconf 83' lang='lat' dir='ltr'>ex</span> <span class='ocrx_word' id='word_1_81' title='bbox 705 1143 914 1203; x_wconf 82' lang='lat' dir='ltr'>faciendarum</span> <span class='ocrx_word' id='word_1_82' title='bbox 938 1149 968 1204; x_wconf 91' lang='lat' dir='ltr'>ct</span> <span class='ocrx_word' id='word_1_83' title='bbox 991 1147 1172 1211; x_wconf 79' lang='lat' dir='ltr'>naturalium</span> 
     </span>
     <span class='ocr_line' id='line_1_12' title="bbox 58 1228 1172 1306; baseline 0.002 -15"><span class='ocrx_word' id='word_1_84' title='bbox 58 1237 92 1305; x_wconf 78' lang='lat' dir='ltr'>ct</span> <span class='ocrx_word' id='word_1_85' title='bbox 113 1228 352 1306; x_wconf 82' lang='lat' dir='ltr'>intellegibilium</span> <span class='ocrx_word' id='word_1_86' title='bbox 375 1230 528 1288; x_wconf 90' lang='lat' dir='ltr'>rationum</span> <span class='ocrx_word' id='word_1_87' title='bbox 550 1229 717 1304; x_wconf 88' lang='lat' dir='ltr'>positione,</span> <span class='ocrx_word' id='word_1_88' title='bbox 741 1233 772 1288; x_wconf 89' lang='lat' dir='ltr'>et</span> <span class='ocrx_word' id='word_1_89' title='bbox 794 1245 833 1288; x_wconf 87' lang='lat' dir='ltr'>ex</span> <span class='ocrx_word' id='word_1_90' title='bbox 854 1230 1088 1305; x_wconf 85' lang='lat' dir='ltr'>phantasiarum</span> <span class='ocrx_word' id='word_1_91' title='bbox 1110 1248 1172 1293; x_wconf 93' lang='lat' dir='ltr'>nan</span> 
     </span>
     <span class='ocr_line' id='line_1_13' title="bbox 57 1314 1173 1394; baseline 0.003 -18"><span class='ocrx_word' id='word_1_92' title='bbox 57 1315 272 1381; x_wconf 74' lang='lat' dir='ltr'>faciendarum</span> <span class='ocrx_word' id='word_1_93' title='bbox 295 1319 326 1374; x_wconf 91' lang='lat' dir='ltr'>et</span> <span class='ocrx_word' id='word_1_94' title='bbox 345 1314 563 1376; x_wconf 89' lang='lat' dir='ltr'>innaturaliam</span> <span class='ocrx_word' id='word_1_95' title='bbox 586 1319 616 1374; x_wconf 91' lang='lat' dir='ltr'>et</span> <span class='ocrx_word' id='word_1_96' title='bbox 638 1331 697 1374; x_wconf 92' lang='lat' dir='ltr'>non</span> <span class='ocrx_word' id='word_1_97' title='bbox 719 1314 959 1390; x_wconf 90' lang='lat' dir='ltr'>intellegibilium</span> <span class='ocrx_word' id='word_1_98' title='bbox 978 1316 1173 1394; x_wconf 89' lang='lat' dir='ltr'>ademptione</span> 
     </span>
     <span class='ocr_line' id='line_1_14' title="bbox 59 1400 1173 1479; baseline 0.002 -17"><span class='ocrx_word' id='word_1_99' title='bbox 59 1402 161 1465; x_wconf 83' lang='lat' dir='ltr'>activa</span> <span class='ocrx_word' id='word_1_100' title='bbox 182 1408 213 1461; x_wconf 88' lang='lat' dir='ltr'>et</span> <span class='ocrx_word' id='word_1_101' title='bbox 234 1401 382 1461; x_wconf 89' lang='lat' dir='ltr'>naturalis</span> <span class='ocrx_word' id='word_1_102' title='bbox 403 1407 434 1461; x_wconf 91' lang='lat' dir='ltr'>et</span> <span class='ocrx_word' id='word_1_103' title='bbox 455 1400 628 1478; x_wconf 89' lang='lat' dir='ltr'>theologica</span> <span class='ocrx_word' id='word_1_104' title='bbox 651 1403 786 1476; x_wconf 91' lang='lat' dir='ltr'>pariatur</span> <span class='ocrx_word' id='word_1_105' title='bbox 806 1402 864 1477; x_wconf 91' lang='lat' dir='ltr'>piis</span> <span class='ocrx_word' id='word_1_106' title='bbox 886 1401 1096 1479; x_wconf 88' lang='lat' dir='ltr'>philosophia,</span> <span class='ocrx_word' id='word_1_107' title='bbox 1126 1405 1173 1466; x_wconf 82' lang='lat' dir='ltr'>rel</span> 
     </span>
     <span class='ocr_line' id='line_1_15' title="bbox 58 1486 1173 1565; baseline 0.002 -16"><span class='ocrx_word' id='word_1_108' title='bbox 58 1487 143 1565; x_wconf 79' lang='lat' dir='ltr'>quod</span> <span class='ocrx_word' id='word_1_109' title='bbox 165 1488 246 1547; x_wconf 91' lang='lat' dir='ltr'>idem</span> <span class='ocrx_word' id='word_1_110' title='bbox 268 1492 334 1559; x_wconf 90' lang='lat' dir='ltr'>est,</span> <span class='ocrx_word' id='word_1_111' title='bbox 363 1487 412 1547; x_wconf 92' lang='lat' dir='ltr'>dei</span> <span class='ocrx_word' id='word_1_112' title='bbox 434 1503 527 1547; x_wconf 90' lang='lat' dir='ltr'>amor.</span> <span class='ocrx_word' id='word_1_113' title='bbox 586 1486 671 1560; x_wconf 81' lang='lat' dir='ltr'>Quae</span> <span class='ocrx_word' id='word_1_114' title='bbox 693 1502 800 1547; x_wconf 90' lang='lat' dir='ltr'>rursus</span> <span class='ocrx_word' id='word_1_115' title='bbox 823 1487 995 1549; x_wconf 88' lang='lat' dir='ltr'>dividuntur</span> <span class='ocrx_word' id='word_1_116' title='bbox 1017 1493 1173 1564; x_wconf 83' lang='lat' dir='ltr'>praesenti</span> 
     </span>
     <span class='ocr_line' id='line_1_16' title="bbox 58 1571 1172 1651; baseline 0.002 -16"><span class='ocrx_word' id='word_1_117' title='bbox 58 1591 99 1639; x_wconf 88' lang='lat' dir='ltr'>ac</span> <span class='ocrx_word' id='word_1_118' title='bbox 128 1571 245 1644; x_wconf 82' lang='lat' dir='ltr'>lutura,</span> <span class='ocrx_word' id='word_1_119' title='bbox 274 1590 343 1634; x_wconf 89' lang='lat' dir='ltr'>cam</span> <span class='ocrx_word' id='word_1_120' title='bbox 371 1575 511 1634; x_wconf 89' lang='lat' dir='ltr'>umbram</span> <span class='ocrx_word' id='word_1_121' title='bbox 540 1579 570 1632; x_wconf 92' lang='lat' dir='ltr'>et</span> <span class='ocrx_word' id='word_1_122' title='bbox 599 1574 757 1635; x_wconf 87' lang='lat' dir='ltr'>veritatem</span> <span class='ocrx_word' id='word_1_123' title='bbox 780 1573 947 1650; x_wconf 88' lang='lat' dir='ltr'>habeant,·</span> <span class='ocrx_word' id='word_1_124' title='bbox 962 1581 994 1636; x_wconf 92' lang='lat' dir='ltr'>ct</span> <span class='ocrx_word' id='word_1_125' title='bbox 1014 1581 1118 1651; x_wconf 89' lang='lat' dir='ltr'>typum</span> <span class='ocrx_word' id='word_1_126' title='bbox 1142 1583 1172 1643; x_wconf 84' lang='lat' dir='ltr'>at</span> 
     </span>
     <span class='ocr_line' id='line_1_17' title="bbox 58 1659 1172 1743; baseline 0.002 -21"><span class='ocrx_word' id='word_1_127' title='bbox 58 1659 277 1736; x_wconf 76' lang='lat' dir='ltr'>archetypiam</span> <span class='ocrx_word' id='word_1_128' title='bbox 329 1659 417 1732; x_wconf 84' lang='lat' dir='ltr'>Quod</span> <span class='ocrx_word' id='word_1_129' title='bbox 446 1661 472 1737; x_wconf 87' lang='lat' dir='ltr'>si</span> <span class='ocrx_word' id='word_1_130' title='bbox 501 1660 656 1738; x_wconf 90' lang='lat' dir='ltr'>egregiam</span> <span class='ocrx_word' id='word_1_131' title='bbox 671 1659 779 1743; x_wconf 14' lang='lat' dir='ltr'>*bomo</span> <span class='ocrx_word' id='word_1_132' title='bbox 808 1666 901 1735; x_wconf 89' lang='lat' dir='ltr'>atque</span> <span class='ocrx_word' id='word_1_133' title='bbox 930 1662 1090 1722; x_wconf 88' lang='lat' dir='ltr'>sublimem</span> <span class='ocrx_word' id='word_1_134' title='bbox 1113 1663 1172 1724; x_wconf 94' lang='lat' dir='ltr'>hac</span> 
     </span>
     <span class='ocr_line' id='line_1_18' title="bbox 59 1743 1171 1821; baseline 0.002 -14"><span class='ocrx_word' id='word_1_135' title='bbox 59 1746 186 1813; x_wconf 85' lang='lat' dir='ltr'>saeculo</span> <span class='ocrx_word' id='word_1_136' title='bbox 216 1745 310 1816; x_wconf 90' lang='lat' dir='ltr'>habet</span> <span class='ocrx_word' id='word_1_137' title='bbox 338 1744 513 1816; x_wconf 81' lang='lat' dir='ltr'>facultatem</span> <span class='ocrx_word' id='word_1_138' title='bbox 537 1763 691 1807; x_wconf 87' lang='lat' dir='ltr'>summurn</span> <span class='ocrx_word' id='word_1_139' title='bbox 713 1743 902 1821; x_wconf 80' lang='lat' dir='ltr'>adipiscendi</span> <span class='ocrx_word' id='word_1_140' title='bbox 925 1748 1044 1809; x_wconf 89' lang='lat' dir='ltr'>virtutis</span> <span class='ocrx_word' id='word_1_141' title='bbox 1067 1755 1098 1809; x_wconf 91' lang='lat' dir='ltr'>et</span> <span class='ocrx_word' id='word_1_142' title='bbox 1120 1764 1171 1809; x_wconf 90' lang='lat' dir='ltr'>co-</span> 
     </span>
     <span class='ocr_line' id='line_1_19' title="bbox 59 1830 1170 1914; baseline 0.001 -21"><span class='ocrx_word' id='word_1_143' title='bbox 59 1833 205 1914; x_wconf 88' lang='lat' dir='ltr'>gnitionis</span> <span class='ocrx_word' id='word_1_144' title='bbox 240 1838 270 1891; x_wconf 90' lang='lat' dir='ltr'>et</span> <span class='ocrx_word' id='word_1_145' title='bbox 302 1833 470 1907; x_wconf 81' lang='lat' dir='ltr'>sapientiae</span> <span class='ocrx_word' id='word_1_146' title='bbox 488 1830 624 1892; x_wconf 81' lang='lat' dir='ltr'>&#39;modurn</span> <span class='ocrx_word' id='word_1_147' title='bbox 655 1831 883 1906; x_wconf 87' lang='lat' dir='ltr'>excellendique</span> <span class='ocrx_word' id='word_1_148' title='bbox 913 1835 1039 1895; x_wconf 90' lang='lat' dir='ltr'>scientia</span> <span class='ocrx_word' id='word_1_149' title='bbox 1069 1851 1170 1897; x_wconf 87' lang='lat' dir='ltr'>rerum</span> 
     </span>
     <span class='ocr_line' id='line_1_20' title="bbox 59 1917 1170 2001; baseline 0.001 -22"><span class='ocrx_word' id='word_1_150' title='bbox 59 1920 248 1989; x_wconf 86' lang='lat' dir='ltr'>divinarum,</span> <span class='ocrx_word' id='word_1_151' title='bbox 278 1918 370 1978; x_wconf 90' lang='lat' dir='ltr'>habet</span> <span class='ocrx_word' id='word_1_152' title='bbox 396 1919 427 1977; x_wconf 93' lang='lat' dir='ltr'>in</span> <span class='ocrx_word' id='word_1_153' title='bbox 456 1924 528 1994; x_wconf 88' lang='lat' dir='ltr'>typo</span> <span class='ocrx_word' id='word_1_154' title='bbox 559 1925 590 1979; x_wconf 89' lang='lat' dir='ltr'>et</span> <span class='ocrx_word' id='word_1_155' title='bbox 611 1919 745 1994; x_wconf 86' lang='lat' dir='ltr'>imagine</span> <span class='ocrx_word' id='word_1_156' title='bbox 767 1917 1010 1995; x_wconf 86' lang='lat' dir='ltr'>archetyporum.</span> <span class='ocrx_word' id='word_1_157' title='bbox 1067 1920 1170 2001; x_wconf 81' lang='lat' dir='ltr'>Typps</span> 
     </span>
     <span class='ocr_line' id='line_1_21' title="bbox 58 2005 1171 2079; baseline 0.001 -13"><span class='ocrx_word' id='word_1_158' title='bbox 58 2007 142 2067; x_wconf 92' lang='lat' dir='ltr'>enim</span> <span class='ocrx_word' id='word_1_159' title='bbox 163 2020 270 2065; x_wconf 87' lang='lat' dir='ltr'>revera</span> <span class='ocrx_word' id='word_1_160' title='bbox 293 2005 392 2079; x_wconf 88' lang='lat' dir='ltr'>omnis</span> <span class='ocrx_word' id='word_1_161' title='bbox 416 2009 522 2064; x_wconf 91' lang='lat' dir='ltr'>nostra</span> <span class='ocrx_word' id='word_1_162' title='bbox 545 2020 626 2063; x_wconf 92' lang='lat' dir='ltr'>nunc</span> <span class='ocrx_word' id='word_1_163' title='bbox 650 2019 728 2077; x_wconf 89' lang='lat' dir='ltr'>quae</span> <span class='ocrx_word' id='word_1_164' title='bbox 752 2009 896 2064; x_wconf 90' lang='lat' dir='ltr'>censetur</span> <span class='ocrx_word' id='word_1_165' title='bbox 918 2007 1030 2066; x_wconf 84' lang='lat' dir='ltr'>raritas</span> <span class='ocrx_word' id='word_1_166' title='bbox 1053 2011 1116 2079; x_wconf 91' lang='lat' dir='ltr'>est,</span> <span class='ocrx_word' id='word_1_167' title='bbox 1140 2011 1171 2067; x_wconf 92' lang='lat' dir='ltr'>et</span> 
     </span>
    </p>
   </div>
   <div class='ocr_carea' id='block_1_5' title="bbox 58 2087 1285 2166">
    <p class='ocr_par' dir='ltr' id='par_1_5' title="bbox 58 2087 1285 2166">
     <span class='ocr_line' id='line_1_22' title="bbox 58 2087 1285 2166; baseline -0.002 -14"><span class='ocrx_word' id='word_1_168' title='bbox 58 2093 167 2163; x_wconf 89' lang='lat' dir='ltr'>ambra</span> <span class='ocrx_word' id='word_1_169' title='bbox 195 2091 319 2159; x_wconf 89' lang='lat' dir='ltr'>maioris</span> <span class='ocrx_word' id='word_1_170' title='bbox 347 2089 473 2151; x_wconf 90' lang='lat' dir='ltr'>rationis</span> <span class='ocrx_word' id='word_1_171' title='bbox 504 2095 597 2165; x_wconf 87' lang='lat' dir='ltr'>atque</span> <span class='ocrx_word' id='word_1_172' title='bbox 625 2091 727 2166; x_wconf 90' lang='lat' dir='ltr'>imago</span> <span class='ocrx_word' id='word_1_173' title='bbox 756 2093 813 2148; x_wconf 91' lang='lat' dir='ltr'>cst.</span> <span class='ocrx_word' id='word_1_174' title='bbox 868 2087 957 2151; x_wconf 85' lang='lat' dir='ltr'>Ratio</span> <span class='ocrx_word' id='word_1_175' title='bbox 979 2108 1017 2151; x_wconf 90' lang='lat' dir='ltr'>ea</span> <span class='ocrx_word' id='word_1_176' title='bbox 1039 2093 1168 2166; x_wconf 90' lang='lat' dir='ltr'>quaein</span> <span class='ocrx_word' id='word_1_177' title='bbox 1281 2126 1285 2135; x_wconf 91' lang='lat'><em>·</em></span> 
     </span>
    </p>
   </div>
   <div class='ocr_carea' id='block_1_6' title="bbox 15 2172 1230 3459">
    <p class='ocr_par' dir='ltr' id='par_1_6' title="bbox 15 2172 1230 3459">
     <span class='ocr_line' id='line_1_23' title="bbox 58 2172 1170 2259; baseline -0.003 -19"><span class='ocrx_word' id='word_1_178' title='bbox 58 2172 213 2240; x_wconf 77' lang='lat' dir='ltr'>universis</span> <span class='ocrx_word' id='word_1_179' title='bbox 233 2178 264 2235; x_wconf 91' lang='lat' dir='ltr'>in</span> <span class='ocrx_word' id='word_1_180' title='bbox 287 2176 463 2252; x_wconf 89' lang='lat' dir='ltr'>praesentia</span> <span class='ocrx_word' id='word_1_181' title='bbox 486 2175 525 2241; x_wconf 90' lang='lat' dir='ltr'>ad</span> <span class='ocrx_word' id='word_1_182' title='bbox 547 2190 646 2250; x_wconf 86' lang='lat' dir='ltr'>usque</span> <span class='ocrx_word' id='word_1_183' title='bbox 667 2175 802 2235; x_wconf 85' lang='lat' dir='ltr'>futuram</span> <span class='ocrx_word' id='word_1_184' title='bbox 830 2175 926 2250; x_wconf 90' lang='lat' dir='ltr'>inest,</span> <span class='ocrx_word' id='word_1_185' title='bbox 956 2177 1170 2259; x_wconf 77' lang='lat' dir='ltr'>uniuersorum</span> 
     </span>
     <span class='ocr_line' id='line_1_24' title="bbox 60 2261 1169 2346; baseline -0.003 -20"><span class='ocrx_word' id='word_1_186' title='bbox 60 2263 211 2327; x_wconf 82' lang='lat' dir='ltr'>conditrix</span> <span class='ocrx_word' id='word_1_187' title='bbox 221 2279 330 2339; x_wconf 73' lang='lat' dir='ltr'>,aum</span> <span class='ocrx_word' id='word_1_188' title='bbox 358 2263 475 2346; x_wconf 79' lang='lat' dir='ltr'>tamin</span> <span class='ocrx_word' id='word_1_189' title='bbox 496 2267 568 2338; x_wconf 87' lang='lat' dir='ltr'>typo</span> <span class='ocrx_word' id='word_1_190' title='bbox 592 2277 683 2337; x_wconf 89' lang='lat' dir='ltr'>quam</span> <span class='ocrx_word' id='word_1_191' title='bbox 704 2261 735 2319; x_wconf 90' lang='lat' dir='ltr'>iu</span> <span class='ocrx_word' id='word_1_192' title='bbox 758 2262 884 2321; x_wconf 88' lang='lat' dir='ltr'>veritate</span> <span class='ocrx_word' id='word_1_193' title='bbox 905 2263 992 2341; x_wconf 88' lang='lat' dir='ltr'>insit,</span> <span class='ocrx_word' id='word_1_194' title='bbox 1020 2268 1082 2323; x_wconf 90' lang='lat' dir='ltr'>tarn</span> <span class='ocrx_word' id='word_1_195' title='bbox 1105 2265 1169 2323; x_wconf 85' lang='lat' dir='ltr'>axi·</span> 
     </span>
     <span class='ocr_line' id='line_1_25' title="bbox 59 2344 1169 2426; baseline -0.001 -15"><span class='ocrx_word' id='word_1_196' title='bbox 59 2357 143 2423; x_wconf 84' lang='lat' dir='ltr'>stere</span> <span class='ocrx_word' id='word_1_197' title='bbox 169 2347 354 2426; x_wconf 88' lang='lat' dir='ltr'>intellegitur</span> <span class='ocrx_word' id='word_1_198' title='bbox 382 2363 472 2423; x_wconf 90' lang='lat' dir='ltr'>quam</span> <span class='ocrx_word' id='word_1_199' title='bbox 498 2349 612 2425; x_wconf 77' lang='lat' dir='ltr'>rideri,</span> <span class='ocrx_word' id='word_1_200' title='bbox 652 2362 721 2407; x_wconf 88' lang='lat' dir='ltr'>cum</span> <span class='ocrx_word' id='word_1_201' title='bbox 749 2353 811 2407; x_wconf 91' lang='lat' dir='ltr'>tam</span> <span class='ocrx_word' id='word_1_202' title='bbox 840 2350 1045 2424; x_wconf 89' lang='lat' dir='ltr'>praesentiam</span> <span class='ocrx_word' id='word_1_203' title='bbox 1075 2344 1169 2425; x_wconf 84' lang='lat' dir='ltr'>quam</span> 
     </span>
     <span class='ocr_line' id='line_1_26' title="bbox 58 2428 1169 2511; baseline -0.004 -13"><span class='ocrx_word' id='word_1_204' title='bbox 58 2428 196 2507; x_wconf 81' lang='lat' dir='ltr'>futurum</span> <span class='ocrx_word' id='word_1_205' title='bbox 224 2440 287 2494; x_wconf 89' lang='lat' dir='ltr'>tarn</span> <span class='ocrx_word' id='word_1_206' title='bbox 316 2439 422 2511; x_wconf 88' lang='lat' dir='ltr'>typum</span> <span class='ocrx_word' id='word_1_207' title='bbox 452 2448 544 2509; x_wconf 90' lang='lat' dir='ltr'>quarn</span> <span class='ocrx_word' id='word_1_208' title='bbox 570 2430 723 2494; x_wconf 84' lang='lat' dir='ltr'>veritatem</span> <span class='ocrx_word' id='word_1_209' title='bbox 755 2436 896 2509; x_wconf 80' lang='lat' dir='ltr'>superet,</span> <span class='ocrx_word' id='word_1_210' title='bbox 930 2451 968 2495; x_wconf 90' lang='lat' dir='ltr'>ea</span> <span class='ocrx_word' id='word_1_211' title='bbox 993 2434 1073 2509; x_wconf 86' lang='lat' dir='ltr'>quod</span> <span class='ocrx_word' id='word_1_212' title='bbox 1094 2435 1169 2495; x_wconf 90' lang='lat' dir='ltr'>nihil</span> 
     </span>
     <span class='ocr_line' id='line_1_27' title="bbox 60 2520 1169 2599; baseline -0.001 -16"><span class='ocrx_word' id='word_1_213' title='bbox 60 2523 256 2599; x_wconf 89' lang='lat' dir='ltr'>oppositum‚·</span> <span class='ocrx_word' id='word_1_214' title='bbox 287 2520 369 2594; x_wconf 88' lang='lat' dir='ltr'>quod</span> <span class='ocrx_word' id='word_1_215' title='bbox 398 2537 505 2580; x_wconf 91' lang='lat' dir='ltr'>secum</span> <span class='ocrx_word' id='word_1_216' title='bbox 533 2536 596 2580; x_wconf 90' lang='lat' dir='ltr'>una</span> <span class='ocrx_word' id='word_1_217' title='bbox 626 2523 795 2596; x_wconf 87' lang='lat' dir='ltr'>spectetur,</span> <span class='ocrx_word' id='word_1_218' title='bbox 829 2520 931 2581; x_wconf 89' lang='lat' dir='ltr'>habet.</span> <span class='ocrx_word' id='word_1_219' title='bbox 990 2520 1169 2598; x_wconf 87' lang='lat' dir='ltr'>Oppositum</span> 
     </span>
     <span class='ocr_line' id='line_1_28' title="bbox 58 2605 1169 2682; baseline -0.003 -10"><span class='ocrx_word' id='word_1_220' title='bbox 58 2614 164 2671; x_wconf 86' lang='lat' dir='ltr'>autem</span> <span class='ocrx_word' id='word_1_221' title='bbox 193 2608 311 2668; x_wconf 86' lang='lat' dir='ltr'>veritati</span> <span class='ocrx_word' id='word_1_222' title='bbox 340 2613 387 2667; x_wconf 90' lang='lat' dir='ltr'>est</span> <span class='ocrx_word' id='word_1_223' title='bbox 414 2607 615 2668; x_wconf 85' lang='lat' dir='ltr'>mendacium.</span> <span class='ocrx_word' id='word_1_224' title='bbox 667 2605 772 2679; x_wconf 89' lang='lat' dir='ltr'>ltaqac</span> <span class='ocrx_word' id='word_1_225' title='bbox 791 2607 960 2668; x_wconf 71' lang='lat' dir='ltr'>,veritatem</span> <span class='ocrx_word' id='word_1_226' title='bbox 983 2613 1109 2682; x_wconf 90' lang='lat' dir='ltr'>superat</span> <span class='ocrx_word' id='word_1_227' title='bbox 1131 2624 1169 2669; x_wconf 92' lang='lat' dir='ltr'>ea</span> 
     </span>
     <span class='ocr_line' id='line_1_29' title="bbox 58 2693 1230 2771; baseline -0.001 -14"><span class='ocrx_word' id='word_1_228' title='bbox 58 2694 100 2757; x_wconf 92' lang='lat' dir='ltr'>ad</span> <span class='ocrx_word' id='word_1_229' title='bbox 135 2709 225 2769; x_wconf 86' lang='lat' dir='ltr'>quara</span> <span class='ocrx_word' id='word_1_230' title='bbox 259 2694 405 2754; x_wconf 91' lang='lat' dir='ltr'>universa</span> <span class='ocrx_word' id='word_1_231' title='bbox 436 2693 620 2771; x_wconf 90' lang='lat' dir='ltr'>colliguntur</span> <span class='ocrx_word' id='word_1_232' title='bbox 652 2693 744 2763; x_wconf 89' lang='lat' dir='ltr'>ratio,</span> <span class='ocrx_word' id='word_1_233' title='bbox 776 2693 949 2769; x_wconf 86' lang='lat' dir='ltr'>pariterque</span> <span class='ocrx_word' id='word_1_234' title='bbox 978 2710 1102 2770; x_wconf 88' lang='lat' dir='ltr'>rursus,</span> <span class='ocrx_word' id='word_1_235' title='bbox 1136 2701 1196 2756; x_wconf 90' lang='lat' dir='ltr'>ut·</span> <span class='ocrx_word' id='word_1_236' title='bbox 1226 2721 1230 2727; x_wconf 92' lang='lat'><strong>·</strong></span> 
     </span>
     <span class='ocr_line' id='line_1_30' title="bbox 56 2777 1168 2853; baseline -0.002 -10"><span class='ocrx_word' id='word_1_237' title='bbox 56 2783 152 2849; x_wconf 86' lang='lat' dir='ltr'>homo</span> <span class='ocrx_word' id='word_1_238' title='bbox 181 2786 211 2840; x_wconf 91' lang='lat' dir='ltr'>et</span> <span class='ocrx_word' id='word_1_239' title='bbox 237 2780 332 2849; x_wconf 90' lang='lat' dir='ltr'>deus,</span> <span class='ocrx_word' id='word_1_240' title='bbox 349 2779 457 2839; x_wconf 87' lang='lat' dir='ltr'>¹etlam</span> <span class='ocrx_word' id='word_1_241' title='bbox 487 2796 609 2840; x_wconf 88' lang='lat' dir='ltr'>omnem</span> <span class='ocrx_word' id='word_1_242' title='bbox 638 2794 744 2839; x_wconf 89' lang='lat' dir='ltr'>revera</span> <span class='ocrx_word' id='word_1_243' title='bbox 766 2777 986 2853; x_wconf 81' lang='lat' dir='ltr'>humanitatem</span> <span class='ocrx_word' id='word_1_244' title='bbox 1009 2784 1040 2841; x_wconf 93' lang='lat' dir='ltr'>et</span> <span class='ocrx_word' id='word_1_245' title='bbox 1061 2780 1168 2841; x_wconf 82' lang='lat' dir='ltr'>divini-</span> 
     </span>
     <span class='ocr_line' id='line_1_31' title="bbox 56 2865 1170 2944; baseline -0.004 -13"><span class='ocrx_word' id='word_1_246' title='bbox 56 2873 152 2931; x_wconf 84' lang='lat' dir='ltr'>tatem</span> <span class='ocrx_word' id='word_1_247' title='bbox 178 2870 317 2942; x_wconf 67' lang='lat' dir='ltr'>,superat</span> <span class='ocrx_word' id='word_1_248' title='bbox 384 2865 574 2943; x_wconf 80' lang='lat' dir='ltr'>Colliguntur</span> <span class='ocrx_word' id='word_1_249' title='bbox 605 2866 696 2942; x_wconf 90' lang='lat' dir='ltr'>igitur</span> <span class='ocrx_word' id='word_1_250' title='bbox 729 2865 846 2940; x_wconf 88' lang='lat' dir='ltr'>priores</span> <span class='ocrx_word' id='word_1_251' title='bbox 880 2867 1002 2941; x_wconf 89' lang='lat' dir='ltr'>quidem</span> <span class='ocrx_word' id='word_1_252' title='bbox 1036 2868 1170 2944; x_wconf 88' lang='lat' dir='ltr'>quinque</span> 
     </span>
     <span class='ocr_line' id='line_1_32' title="bbox 15 2950 1171 3035; baseline -0.006 -15"><span class='ocrx_word' id='word_1_253' title='bbox 15 3012 19 3020; x_wconf 87' lang='grc'><em>.</em></span> <span class='ocrx_word' id='word_1_254' title='bbox 54 2954 194 3017; x_wconf 89' lang='lat' dir='ltr'>rationes</span> <span class='ocrx_word' id='word_1_255' title='bbox 225 2951 264 3012; x_wconf 92' lang='lat' dir='ltr'>de</span> <span class='ocrx_word' id='word_1_256' title='bbox 292 2950 454 3013; x_wconf 85' lang='lat' dir='ltr'>multitaria</span> <span class='ocrx_word' id='word_1_257' title='bbox 472 2954 619 3035; x_wconf 87' lang='lat' dir='ltr'>ipsarum</span> <span class='ocrx_word' id='word_1_258' title='bbox 650 2951 906 3027; x_wconf 88' lang='lat' dir='ltr'>contemplatione</span> <span class='ocrx_word' id='word_1_259' title='bbox 932 2955 962 3012; x_wconf 93' lang='lat' dir='ltr'>in</span> <span class='ocrx_word' id='word_1_260' title='bbox 987 2954 1117 3014; x_wconf 87' lang='lat' dir='ltr'>activam</span> <span class='ocrx_word' id='word_1_261' title='bbox 1140 2958 1171 3015; x_wconf 91' lang='lat' dir='ltr'>et</span> 
     </span>
     <span class='ocr_line' id='line_1_33' title="bbox 55 3030 1168 3115; baseline 0 -14"><span class='ocrx_word' id='word_1_262' title='bbox 55 3038 231 3101; x_wconf 85' lang='lat' dir='ltr'>naturalem</span> <span class='ocrx_word' id='word_1_263' title='bbox 262 3042 291 3097; x_wconf 92' lang='lat' dir='ltr'>et</span> <span class='ocrx_word' id='word_1_264' title='bbox 321 3037 524 3115; x_wconf 87' lang='lat' dir='ltr'>theologicam</span> <span class='ocrx_word' id='word_1_265' title='bbox 554 3035 799 3114; x_wconf 87' lang='lat' dir='ltr'>philosophiam,</span> <span class='ocrx_word' id='word_1_266' title='bbox 833 3030 893 3098; x_wconf 88' lang='lat' dir='ltr'>b&#39;ae</span> <span class='ocrx_word' id='word_1_267' title='bbox 913 3055 985 3098; x_wconf 90' lang='lat' dir='ltr'>vero</span> <span class='ocrx_word' id='word_1_268' title='bbox 1008 3055 1115 3100; x_wconf 88' lang='lat' dir='ltr'>rursus</span> <span class='ocrx_word' id='word_1_269' title='bbox 1137 3041 1168 3100; x_wconf 91' lang='lat' dir='ltr'>in</span> 
     </span>
     <span class='ocr_line' id='line_1_34' title="bbox 54 3123 1167 3205; baseline -0.001 -18"><span class='ocrx_word' id='word_1_270' title='bbox 54 3125 262 3205; x_wconf 88' lang='lat' dir='ltr'>praesentiam</span> <span class='ocrx_word' id='word_1_271' title='bbox 293 3130 386 3198; x_wconf 85' lang='lat' dir='ltr'>atque</span> <span class='ocrx_word' id='word_1_272' title='bbox 414 3123 566 3197; x_wconf 87' lang='lat' dir='ltr'>laturum,</span> <span class='ocrx_word' id='word_1_273' title='bbox 607 3123 638 3182; x_wconf 94' lang='lat' dir='ltr'>id</span> <span class='ocrx_word' id='word_1_274' title='bbox 666 3127 715 3184; x_wconf 91' lang='lat' dir='ltr'>est</span> <span class='ocrx_word' id='word_1_275' title='bbox 742 3129 848 3199; x_wconf 84' lang='lat' dir='ltr'>typum</span> <span class='ocrx_word' id='word_1_276' title='bbox 878 3125 971 3198; x_wconf 83' lang='lat' dir='ltr'>atq&#39;ue</span> <span class='ocrx_word' id='word_1_277' title='bbox 999 3127 1167 3199; x_wconf 87' lang='lat' dir='ltr'>veritatem,</span> 
     </span>
     <span class='ocr_line' id='line_1_35' title="bbox 53 3207 1167 3291; baseline -0.004 -16"><span class='ocrx_word' id='word_1_278' title='bbox 53 3211 235 3291; x_wconf 87' lang='lat' dir='ltr'>praesentia</span> <span class='ocrx_word' id='word_1_279' title='bbox 264 3226 335 3270; x_wconf 90' lang='lat' dir='ltr'>vero</span> <span class='ocrx_word' id='word_1_280' title='bbox 365 3215 396 3270; x_wconf 90' lang='lat' dir='ltr'>et</span> <span class='ocrx_word' id='word_1_281' title='bbox 423 3210 557 3271; x_wconf 84' lang='lat' dir='ltr'>futurum</span> <span class='ocrx_word' id='word_1_282' title='bbox 586 3210 616 3269; x_wconf 92' lang='lat' dir='ltr'>in</span> <span class='ocrx_word' id='word_1_283' title='bbox 645 3207 829 3286; x_wconf 87' lang='lat' dir='ltr'>principale,</span> <span class='ocrx_word' id='word_1_284' title='bbox 864 3209 928 3269; x_wconf 86' lang='lat' dir='ltr'>sive</span> <span class='ocrx_word' id='word_1_285' title='bbox 955 3211 986 3268; x_wconf 93' lang='lat' dir='ltr'>in</span> <span class='ocrx_word' id='word_1_286' title='bbox 1009 3213 1167 3284; x_wconf 90' lang='lat' dir='ltr'>rationem,</span> 
     </span>
     <span class='ocr_line' id='line_1_36' title="bbox 51 3293 1170 3375; baseline -0.004 -14"><span class='ocrx_word' id='word_1_287' title='bbox 51 3299 87 3361; x_wconf 94' lang='lat' dir='ltr'>id</span> <span class='ocrx_word' id='word_1_288' title='bbox 110 3303 160 3359; x_wconf 88' lang='lat' dir='ltr'>est</span> <span class='ocrx_word' id='word_1_289' title='bbox 182 3295 376 3370; x_wconf 82' lang='lat' dir='ltr'>Sermonem,</span> <span class='ocrx_word' id='word_1_290' title='bbox 401 3310 481 3369; x_wconf 85' lang='lat' dir='ltr'>qaae</span> <span class='ocrx_word' id='word_1_291' title='bbox 503 3293 574 3358; x_wconf 83' lang='lat' dir='ltr'>erat&#39;</span> <span class='ocrx_word' id='word_1_292' title='bbox 590 3297 620 3354; x_wconf 90' lang='lat' dir='ltr'>in</span> <span class='ocrx_word' id='word_1_293' title='bbox 643 3295 805 3375; x_wconf 86' lang='lat' dir='ltr'>principio,</span> <span class='ocrx_word' id='word_1_294' title='bbox 831 3310 910 3368; x_wconf 89' lang='lat' dir='ltr'>quae</span> <span class='ocrx_word' id='word_1_295' title='bbox 936 3301 1033 3356; x_wconf 92' lang='lat' dir='ltr'>semet</span> <span class='ocrx_word' id='word_1_296' title='bbox 1053 3297 1117 3373; x_wconf 89' lang='lat' dir='ltr'>pati</span> <span class='ocrx_word' id='word_1_297' title='bbox 1139 3302 1170 3357; x_wconf 90' lang='lat' dir='ltr'>et</span> 
     </span>
     <span class='ocr_line' id='line_1_37' title="bbox 53 3380 1169 3459; baseline -0.002 -14"><span class='ocrx_word' id='word_1_298' title='bbox 53 3384 162 3446; x_wconf 85' lang='lat' dir='ltr'>videre</span> <span class='ocrx_word' id='word_1_299' title='bbox 185 3382 263 3459; x_wconf 84' lang='lat' dir='ltr'>tacit</span> <span class='ocrx_word' id='word_1_300' title='bbox 291 3398 345 3442; x_wconf 90' lang='lat' dir='ltr'>eos</span> <span class='ocrx_word' id='word_1_301' title='bbox 374 3385 426 3456; x_wconf 89' lang='lat' dir='ltr'>qui</span> <span class='ocrx_word' id='word_1_302' title='bbox 454 3383 501 3442; x_wconf 94' lang='lat' dir='ltr'>sui</span> <span class='ocrx_word' id='word_1_303' title='bbox 531 3382 613 3459; x_wconf 89' lang='lat' dir='ltr'>digni</span> <span class='ocrx_word' id='word_1_304' title='bbox 641 3382 713 3459; x_wconf 75' lang='lat' dir='ltr'>facti</span> <span class='ocrx_word' id='word_1_305' title='bbox 742 3380 868 3455; x_wconf 86' lang='lat' dir='ltr'>fuerint,</span> <span class='ocrx_word' id='word_1_306' title='bbox 899 3387 1006 3457; x_wconf 90' lang='lat' dir='ltr'>etper</span> <span class='ocrx_word' id='word_1_307' title='bbox 1028 3398 1066 3442; x_wconf 93' lang='lat' dir='ltr'>ea</span> <span class='ocrx_word' id='word_1_308' title='bbox 1090 3398 1169 3458; x_wconf 87' lang='lat' dir='ltr'>quae</span> 
     </span>
    </p>
   </div>
   <div class='ocr_carea' id='block_1_7' title="bbox 52 3461 1267 3544">
    <p class='ocr_par' dir='ltr' id='par_1_7' title="bbox 52 3461 1267 3544">
     <span class='ocr_line' id='line_1_38' title="bbox 52 3461 1267 3544; baseline -0.004 -11"><span class='ocrx_word' id='word_1_309' title='bbox 52 3473 141 3533; x_wconf 86' lang='lat' dir='ltr'>dicta</span> <span class='ocrx_word' id='word_1_310' title='bbox 169 3474 242 3529; x_wconf 91' lang='lat' dir='ltr'>sunt</span> <span class='ocrx_word' id='word_1_311' title='bbox 272 3484 392 3529; x_wconf 91' lang='lat' dir='ltr'>summa</span> <span class='ocrx_word' id='word_1_312' title='bbox 406 3461 410 3468; x_wconf 79' lang='grc'><strong>’</strong></span> <span class='ocrx_word' id='word_1_313' title='bbox 425 3486 493 3529; x_wconf 92' lang='lat' dir='ltr'>cum</span> <span class='ocrx_word' id='word_1_314' title='bbox 518 3469 620 3529; x_wconf 91' lang='lat' dir='ltr'>studio</span> <span class='ocrx_word' id='word_1_315' title='bbox 643 3466 681 3527; x_wconf 91' lang='lat' dir='ltr'>ad</span> <span class='ocrx_word' id='word_1_316' title='bbox 705 3482 775 3526; x_wconf 90' lang='lat' dir='ltr'>sese</span> <span class='ocrx_word' id='word_1_317' title='bbox 796 3468 867 3537; x_wconf 91' lang='lat' dir='ltr'>iter,</span> <span class='ocrx_word' id='word_1_318' title='bbox 894 3472 924 3527; x_wconf 92' lang='lat' dir='ltr'>et</span> <span class='ocrx_word' id='word_1_319' title='bbox 945 3467 1092 3528; x_wconf 91' lang='lat' dir='ltr'>decadem</span> <span class='ocrx_word' id='word_1_320' title='bbox 1114 3485 1170 3544; x_wconf 91' lang='lat' dir='ltr'>per</span> <span class='ocrx_word' id='word_1_321' title='bbox 1264 3492 1267 3498; x_wconf 90' lang='grc'><em>·</em></span> 
     </span>
    </p>
   </div>
   <div class='ocr_carea' id='block_1_8' title="bbox 50 3553 1170 4233">
    <p class='ocr_par' dir='ltr' id='par_1_8' title="bbox 50 3553 1170 4233">
     <span class='ocr_line' id='line_1_39' title="bbox 52 3553 1168 3635; baseline -0.005 -15"><span class='ocrx_word' id='word_1_322' title='bbox 52 3562 143 3635; x_wconf 84' lang='lat' dir='ltr'>ipsos</span> <span class='ocrx_word' id='word_1_323' title='bbox 176 3555 286 3616; x_wconf 84' lang='lat' dir='ltr'>tactam</span> <span class='ocrx_word' id='word_1_324' title='bbox 321 3570 375 3630; x_wconf 89' lang='lat' dir='ltr'>per</span> <span class='ocrx_word' id='word_1_325' title='bbox 406 3557 508 3632; x_wconf 91' lang='lat' dir='ltr'>ipsum</span> <span class='ocrx_word' id='word_1_326' title='bbox 536 3553 689 3615; x_wconf 82' lang='lat' dir='ltr'>effecerint</span> <span class='ocrx_word' id='word_1_327' title='bbox 718 3553 898 3623; x_wconf 89' lang='lat' dir='ltr'>monadem,</span> <span class='ocrx_word' id='word_1_328' title='bbox 938 3553 978 3615; x_wconf 94' lang='lat' dir='ltr'>de</span> <span class='ocrx_word' id='word_1_329' title='bbox 1004 3555 1086 3613; x_wconf 91' lang='lat' dir='ltr'>omni</span> <span class='ocrx_word' id='word_1_330' title='bbox 1114 3569 1168 3614; x_wconf 91' lang='lat' dir='ltr'>eos</span> 
     </span>
     <span class='ocr_line' id='line_1_40' title="bbox 51 3638 1169 3717; baseline -0.005 -11"><span class='ocrx_word' id='word_1_331' title='bbox 51 3643 192 3706; x_wconf 88' lang='lat' dir='ltr'>motione</span> <span class='ocrx_word' id='word_1_332' title='bbox 220 3641 355 3717; x_wconf 90' lang='lat' dir='ltr'>passioni</span> <span class='ocrx_word' id='word_1_333' title='bbox 387 3643 518 3702; x_wconf 87' lang='lat' dir='ltr'>obnoxia</span> <span class='ocrx_word' id='word_1_334' title='bbox 542 3646 572 3701; x_wconf 87' lang='lat' dir='ltr'>et</span> <span class='ocrx_word' id='word_1_335' title='bbox 586 3639 724 3701; x_wconf 88' lang='lat' dir='ltr'>naturali</span> <span class='ocrx_word' id='word_1_336' title='bbox 747 3644 777 3698; x_wconf 90' lang='lat' dir='ltr'>et</span> <span class='ocrx_word' id='word_1_337' title='bbox 798 3638 996 3701; x_wconf 87' lang='lat' dir='ltr'>intellectuali</span> <span class='ocrx_word' id='word_1_338' title='bbox 1018 3640 1169 3700; x_wconf 90' lang='lat' dir='ltr'>decussu-</span> 
     </span>
     <span class='ocr_line' id='line_1_41' title="bbox 52 3725 1167 3806; baseline -0.006 -14"><span class='ocrx_word' id='word_1_339' title='bbox 52 3747 143 3802; x_wconf 89' lang='lat' dir='ltr'>ram,</span> <span class='ocrx_word' id='word_1_340' title='bbox 179 3727 373 3802; x_wconf 88' lang='lat' dir='ltr'>divinamque</span> <span class='ocrx_word' id='word_1_341' title='bbox 401 3730 431 3787; x_wconf 94' lang='lat' dir='ltr'>in</span> <span class='ocrx_word' id='word_1_342' title='bbox 462 3727 561 3806; x_wconf 87' lang='lat' dir='ltr'>gratia</span> <span class='ocrx_word' id='word_1_343' title='bbox 590 3729 634 3786; x_wconf 92' lang='lat' dir='ltr'>eis</span> <span class='ocrx_word' id='word_1_344' title='bbox 664 3725 834 3785; x_wconf 87' lang='lat' dir='ltr'>secundam</span> <span class='ocrx_word' id='word_1_345' title='bbox 856 3726 1009 3805; x_wconf 91' lang='lat' dir='ltr'>integrum</span> <span class='ocrx_word' id='word_1_346' title='bbox 1031 3726 1167 3786; x_wconf 87' lang='lat' dir='ltr'>habiturn</span> 
     </span>
     <span class='ocr_line' id='line_1_42' title="bbox 50 3811 1167 3891; baseline -0.01 -12"><span class='ocrx_word' id='word_1_347' title='bbox 50 3815 286 3883; x_wconf 83' lang='lat' dir='ltr'>informatorem</span> <span class='ocrx_word' id='word_1_348' title='bbox 327 3814 448 3874; x_wconf 84' lang='lat' dir='ltr'>divinae</span> <span class='ocrx_word' id='word_1_349' title='bbox 488 3814 665 3891; x_wconf 86' lang='lat' dir='ltr'>naturaliter</span> <span class='ocrx_word' id='word_1_350' title='bbox 703 3811 904 3886; x_wconf 89' lang='lat' dir='ltr'>simplici-tatis</span> <span class='ocrx_word' id='word_1_351' title='bbox 944 3813 1167 3889; x_wconf 87' lang='lat' dir='ltr'>proprietatem.</span> 
     </span>
     <span class='ocr_line' id='line_1_43' title="bbox 52 3897 1167 3981; baseline -0.006 -16"><span class='ocrx_word' id='word_1_352' title='bbox 52 3899 223 3981; x_wconf 85' lang='lat' dir='ltr'>Sciendum</span> <span class='ocrx_word' id='word_1_353' title='bbox 253 3904 355 3960; x_wconf 89' lang='lat' dir='ltr'>autem</span> <span class='ocrx_word' id='word_1_354' title='bbox 384 3900 445 3961; x_wconf 92' lang='lat' dir='ltr'>hoc</span> <span class='ocrx_word' id='word_1_355' title='bbox 474 3915 594 3976; x_wconf 89' lang='lat' dir='ltr'>quoquc</span> <span class='ocrx_word' id='word_1_356' title='bbox 617 3902 679 3973; x_wconf 87' lang='lat' dir='ltr'>est,</span> <span class='ocrx_word' id='word_1_357' title='bbox 711 3897 919 3973; x_wconf 90' lang='lat' dir='ltr'>providentiae</span> <span class='ocrx_word' id='word_1_358' title='bbox 940 3899 1090 3959; x_wconf 83' lang='lat' dir='ltr'>rationem</span> <span class='ocrx_word' id='word_1_359' title='bbox 1112 3910 1167 3958; x_wconf 92' lang='lat' dir='ltr'>na-</span> 
     </span>
     <span class='ocr_line' id='line_1_44' title="bbox 53 3982 1168 4062; baseline -0.007 -11"><span class='ocrx_word' id='word_1_360' title='bbox 53 3986 164 4062; x_wconf 85' lang='lat' dir='ltr'>turali,</span> <span class='ocrx_word' id='word_1_361' title='bbox 193 3986 296 4046; x_wconf 90' lang='lat' dir='ltr'>iudicii</span> <span class='ocrx_word' id='word_1_362' title='bbox 319 3987 467 4047; x_wconf 91' lang='lat' dir='ltr'>rationem</span> <span class='ocrx_word' id='word_1_363' title='bbox 490 3988 590 4046; x_wconf 86' lang='lat' dir='ltr'>activa</span> <span class='ocrx_word' id='word_1_364' title='bbox 612 3982 897 4059; x_wconf 87' lang='lat' dir='ltr'>esse-philosophia</span> <span class='ocrx_word' id='word_1_365' title='bbox 920 3988 1033 4058; x_wconf 88' lang='lat' dir='ltr'>satam,</span> <span class='ocrx_word' id='word_1_366' title='bbox 1057 3999 1168 4048; x_wconf 79' lang='lat' dir='ltr'>secun·</span> 
     </span>
     <span class='ocr_line' id='line_1_45' title="bbox 53 4057 1169 4149; baseline -0.006 -13"><span class='ocrx_word' id='word_1_367' title='bbox 53 4076 132 4149; x_wconf 86' lang='lat' dir='ltr'>dum</span> <span class='ocrx_word' id='word_1_368' title='bbox 156 4057 263 4133; x_wconf 87' lang='lat' dir='ltr'>modos</span> <span class='ocrx_word' id='word_1_369' title='bbox 286 4074 521 4144; x_wconf 88' lang='lat' dir='ltr'>convenientes,</span> <span class='ocrx_word' id='word_1_370' title='bbox 542 4073 575 4131; x_wconf 94' lang='lat' dir='ltr'>iu</span> <span class='ocrx_word' id='word_1_371' title='bbox 598 4071 708 4146; x_wconf 89' lang='lat' dir='ltr'>quibus</span> <span class='ocrx_word' id='word_1_372' title='bbox 732 4086 786 4145; x_wconf 88' lang='lat' dir='ltr'>per</span> <span class='ocrx_word' id='word_1_373' title='bbox 808 4085 912 4130; x_wconf 89' lang='lat' dir='ltr'>eoram</span> <span class='ocrx_word' id='word_1_374' title='bbox 937 4085 1016 4147; x_wconf 90' lang='lat' dir='ltr'>quae</span> <span class='ocrx_word' id='word_1_375' title='bbox 1033 4071 1169 4131; x_wconf 81' lang='lat' dir='ltr'>existant</span> 
     </span>
     <span class='ocr_line' id='line_1_46' title="bbox 50 4155 1170 4233; baseline -0.005 -10"><span class='ocrx_word' id='word_1_376' title='bbox 50 4168 87 4233; x_wconf 81' lang='lat' dir='ltr'>et</span> <span class='ocrx_word' id='word_1_377' title='bbox 110 4160 188 4219; x_wconf 81' lang='lat' dir='ltr'>fiunt</span> <span class='ocrx_word' id='word_1_378' title='bbox 210 4159 496 4233; x_wconf 88' lang='lat' dir='ltr'>contemplationem</span> <span class='ocrx_word' id='word_1_379' title='bbox 521 4158 762 4219; x_wconf 80' lang='lat' dir='ltr'>manifestantur.</span> <span class='ocrx_word' id='word_1_380' title='bbox 809 4155 888 4230; x_wconf 86' lang='lat' dir='ltr'>lloc,</span> <span class='ocrx_word' id='word_1_381' title='bbox 913 4159 955 4217; x_wconf 90' lang='lat' dir='ltr'>uti</span> <span class='ocrx_word' id='word_1_382' title='bbox 979 4155 1058 4226; x_wconf 85' lang='lat' dir='ltr'>dixi,</span> <span class='ocrx_word' id='word_1_383' title='bbox 1081 4157 1170 4217; x_wconf 91' lang='lat' dir='ltr'>intel·</span> 
     </span>
    </p>
   </div>
   <div class='ocr_carea' id='block_1_9' title="bbox 129 4342 631 4421">
    <p class='ocr_par' dir='ltr' id='par_1_9' title="bbox 129 4342 631 4421">
     <span class='ocr_line' id='line_1_47' title="bbox 129 4342 631 4421; baseline -0.002 -16"><span class='ocrx_word' id='word_1_384' title='bbox 129 4355 156 4407; x_wconf 78' lang='lat'>2.</span> <span class='ocrx_word' id='word_1_385' title='bbox 174 4350 211 4411; x_wconf 71' lang='grc' dir='ltr'>ὥς</span> <span class='ocrx_word' id='word_1_386' title='bbox 228 4342 308 4421; x_wconf 76' lang='grc' dir='ltr'><strong><em>οἶμαι</em></strong></span> <span class='ocrx_word' id='word_1_387' title='bbox 327 4354 405 4405; x_wconf 85' lang='lat' dir='ltr'>babet</span> <span class='ocrx_word' id='word_1_388' title='bbox 425 4354 489 4408; x_wconf 82' lang='lat' dir='ltr'>liber</span> <span class='ocrx_word' id='word_1_389' title='bbox 509 4353 631 4419; x_wconf 86' lang='lat' dir='ltr'>scriptas.</span> 
     </span>
    </p>
   </div>
   <div class='ocr_carea' id='block_1_10' title="bbox 0 0 1380 4778">
    <p class='ocr_par' dir='ltr' id='par_1_10' title="bbox 0 0 1380 4778">
     <span class='ocr_line' id='line_1_48' title="bbox 0 0 1380 4778; baseline 0 2"><span class='ocrx_word' id='word_1_390' title='bbox 0 0 1380 4778; x_wconf 95' lang='lat' dir='ltr'> </span> 
     </span>
    </p>
   </div>
  </div>
 </body>
</html>
