2768 4784
229 222 301 298 164

225 405 407 489 σύμβουλον
431 406 691 514 παραδεξαμένην
714 399 769 465 τόν
791 396 870 484 όφιν
891 404 973 473 θεοῦ
994 405 1092 468 πλέον
1112 398 1348 511 παραδρξῌὲ),

226 518 280 568 νος
308 492 462 568 αἴσθησιν
483 495 537 554 καὶ
560 493 617 553 τοῦ
639 485 894 595 άπηγορευμένου
919 479 1092 568 ξύλου,
1066 513 1089 575 6
1113 513 1168 553 ναι
1190 486 1335 597 θάραγοτ

226 588 366 645 συνεῖναι
388 574 609 680 προεδιδάχθη
632 572 687 639 τόν
707 571 831 655 καρπδν
850 568 1041 675 ὀρέγουσαν,
1063 572 1213 656 βρώσεως
1230 596 1337 678 απαρ-

224 662 284 748 γῆν
304 661 522 766 ποιησάμενος
543 659 730 765 πρόςφορον
749 661 795 765 τρῖ
814 662 927 759 καρπῷ
945 656 999 737 τῆν
1017 658 1096 737 ζωῆν
1111 658 1338 743 μετηλλάξατο,

228 752 326 827 ζῶντα
349 745 404 811 τόν
427 746 603 812 θάνατον
592 749 693 852 εαυτιῆ
711 722 788 808 κατά
808 742 911 807 πάντα
930 743 986 809 τδν
995 742 1120 853 χρόνον
1139 770 1195 810 του
1181 738 1338 855 παρόθ·

228 917 417 996 όθάνατος,
442 945 492 985 αει
508 922 542 983 δε
557 945 592 983 το
618 920 625 954 ¹
639 914 707 982 δι
695 911 847 1023 επιρροῆς
867 922 996 1025 τροφῶν
1006 917 1180 1027 γιγόμενον
1198 918 1340 1028 φυσνιανς

229 1011 419 1114 φθείρεται
428 1009 520 1116 6666
543 1009 580 1094 τῆ
602 999 662 1112 606
649 999 987 1108 διαπνεόμενον,
966 1007 1017 1067 αεὶ
1034 1001 1103 1113 άρα
1127 1000 1166 1067 δι’
1188 1028 1234 1115 φν
1256 996 1339 1069 εἶναι

228 1091 282 1172 τῆν
305 1089 419 1200 ζφῆν
406 1098 589 1158 επίστευσεν
612 1073 791 1196 ἀκμάζοντα
814 1113 914 1174 εαυτφ
936 1113 968 1152 τε
990 1094 1043 1153 καί
1066 1085 1140 1174 ῆμϊν
1162 1089 1220 1154 τδν
1237 1084 1341 1154 θάνα-
1375 1170 1382 1175 -

229 1203 284 1245 τον
315 1174 333 1242 6
359 1171 462 1262 Ἀδάμ
493 1173 710 1283 συνετῆρησεν
759 1169 868 1248 Ως’
840 1176 904 1257 ει’γε
933 1177 977 1261 τῷ
1006 1178 1075 1260 θεῷ
1100 1170 1275 1285 6666*
1253 1202 1271 1255 η
1281 1180 1339 1266 τῇ

229 1271 367 1352 συνοίκῳ
395 1269 543 1338 πεισθείς
572 1266 615 1326 τῶ
643 1261 727 1347 ξόλῳ
756 1263 809 1339 τῆς
838 1261 916 1339 ζωῆς
945 1238 1115 1369 διετράφγ,
1147 1258 1204 1326 οέιι
1219 1256 1266 1326 όν
1286 1259 1342 1341 τῆν

67 1374 114 1414 τοι.
126 1377 140 1414 ι.
155 1370 218 1414 ιτα..
229 1355 385 1417 δοθεῖσαν
414 1347 554 1415 α’πέθετο
584 1325 768 1412 αθαναόίαν
786 1342 831 1429 Ι’
812 1351 861 1410 αεὶ
891 1350 1142 1430 συντηρουμὲνην
1162 1351 1200 1438 τῆ
1218 1349 1341 1455 μετοχῇ

230 1440 283 1515 τῆς
305 1437 398 1515 ζωῆς,
430 1433 537 1512 ἐπειδῆ
560 1439 649 1499 πᾶσα
672 1431 733 1510 ζωῆ
757 1432 861 1497 οἰκεία
883 1457 916 1497 τε
937 1438 991 1496 καὶ
1014 1415 1198 1582 καταλλῆλφ
1219 1436 1340 1539 πέφυκε

230 1526 456 1627 συντηρεῖσθαι
488 1525 599 1628 τροφῆ.
654 1514 768 1627 Τροφῆ
799 1520 833 1582 δὲ
861 1522 914 1597 τῆς
941 1527 1103 1628 μακαρίας
1123 1518 1241 1598 ἐκείνης
1264 1515 1342 1599 ζωῆς

230 1603 356 1674 ἐστιν(
340 1633 360 1687 ρ
381 1604 478 1692 άρτος
501 1632 517 1671 ο
542 1629 576 1668 εκ
598 1613 656 1669 τοῦ
680 1601 837 1711 οόρανοῦ
839 1602 978 1686 καταβάς
998 1609 1051 1668 καὶ
1075 1601 1154 1683 ζωῆν
1171 1602 1280 1714 διρδοέις
1296 1607 1342 1693 ’τῆν’

67 1721 135 1759 tm„
145 1716 159 1753 α
176 1713 208 1758 ³2
230 1691 316 1776 νόσμ
318 1717 360 1802 6,
382 1664 492 1767 καθώς
515 1688 609 1767 αῆτδς
631 1696 703 1798 περὶ
722 1691 837 1755 ἑαυτοῦ
854 1689 887 1754 ἐν
904 1701 972 1766 τοῖς
990 1682 1220 1799 εῆαγγελέοις”
1203 1717 1220 1754 ο
1240 1687 1342 1780 άφευ·

230 1720 326 1859 δῆςμ’
306 1777 490 1862 απεφῆνατο
514 1767 674 1883 66606,f
648 1801 673 1840 6
697 1775 965 1887 διατραφῆναι
925 1803 967 1859 μη
987 1772 1195 1858 βουληθεὶς
1177 1802 1195 1841 ο
1204 1781 1343 1880 πρῶτος

229 1864 404 1969 ἄνθρωπος
433 1866 485 1942 τῆς
512 1867 571 1946 μὲν
600 1840 695 1938 θείας
723 1861 853 1938 εἰκότως
869 1859 1042 1968 ἀπεγένετο
1057 1863 1160 1971 ζωῆς,
1189 1860 1285 1942 66664·
1306 1865 1342 1928 δὲ
1379 1942 1382 1947 ¹

229 1949 373 2021 θανάτου
390 1947 577 2058 γεννῆτορος
595 1947 783 2030 ἐπελάβετο,
805 1942 918 2013 καθ’0
898 1973 935 2027 ην
951 1948 1008 2026 τῆν
1025 1951 1084 2031 μὲν
1102 1947 1252 2030 άλογον
1240 1952 1343 2054 εαυτῷ

228 2035 355 2141 μρρφῆν
387 2036 595 2119 ἐπιθέμενος,
628 2038 681 2112 τῆς
710 2040 803 2108 θείας
832 2037 866 2098 δὲ
895 2033 930 2098 τὸ
960 2030 1124 2119 α’μῆχανον
1148 2032 1343 2146 άμανραὶσας

229 2121 361 2233 κάλλος,
382 2121 486 2203 βορὰν
509 2125 552 2207 τῷ
574 2121 736 2230 θανάτφ
728 2119 783 2197 τῆν
805 2119 935 2185 ἅπασαν
957 2120 1057 2204 φάσιν
1075 2123 1249 2225 παρέδωκε.
1291 2117 1343 2186 Δι’

230 2201 303 2289 ῆςδ
332 2211 391 2315 μὲν
421 2185 561 2312 θάνατός
586 2207 621 2297 ζῆ
654 2209 685 2270 δι
718 2205 794 2269 ὅλου
817 2209 875 2270 τοῦ
879 2211 1051 2313 χρονικοῦ
1072 2207 1186 2271 τούτου
1206 2206 1342 2316 διαστῆ-

227 2320 353 2405 ματος,
376 2291 457 2376 ῆμάς
484 2275 610 2401 βρῶσινι
635 2290 844 2400 ποιούμενος,
875 2288 963 2375 ῆμείς
991 2294 1026 2356 δέ
1055 2291 1155 2382 ζῶμεν
1178 2290 1342 2388 οέδέπατε,

230 2378 279 2446 άεὶ
303 2378 356 2445 διά
379 2375 546 2463 φθοράς
533 2375 582 2442 ια’
606 2374 704 2442 αότοῦ
726 2377 894 2461 κατεσθιόγ
896 2402 983 2442 ιευοι.

221 2500 349 2577 Ὅτι
335 2528 374 2574 εκ
406 2508 471 2596 τῆς
501 2497 667 2574 ἀστάτου
700 2509 902 2596 περιφορᾶς
936 2509 1034 2596 τῆς
1026 2461 1216 2626 ααροάσρς
1242 2499 1342 2597 ζωῆς

282 2604 395 2729 66666
430 2602 525 2676 εἶναι
560 2601 628 2697 τῆν
667 2602 790 2698 ἀληθῆ
826 2631 889 2676 και
926 2603 1037 2676 θειαυ
1070 2600 1132 2675 καὶ
1168 2599 1344 2685 άνςαύτως

281 2707 441 2797 ἔχουσαν
465 2702 564 2799 ζωὴν
588 2703 928 2799 έπαιδεύθησαν
895 2734 928 2777 οι
951 2704 1060 2805 ἅγιοι.

329 2809 443 2894 '⁸116
410 2846 446 2926 τρ
470 2817 603 2927 ἀδρανὲς
624 2825 678 2884 καὶ
700 2816 937 2927 ἀλλεπάλληλον
961 2823 1071 2904 σοφαῖς
1093 2818 1344 2898 κατανοήσαντες

232 2929 264 2968 οι
294 2903 382 2985 ἅγιοι
412 2903 464 3014 τῆγ
491 2901 679 3013 ἀνθρώποις
700 2910 945 3016 προηγρυμὲνως
967 2905 1001 2970 ἐκ
1024 2910 1106 2970 θεοῦ
1128 2909 1344 3015 δεδωρημένην

232 2988 343 3067 ταότην
363 2989 404 3100 μῆ
428 3016 509 3055 ειναι
535 2991 587 3070 τῆν
610 2988 748 3072 ζαῆν,ε
726 3017 769 3067 ως
790 2991 891 3069 είκός,
915 2989 1168 3071 ἐπαιδεύθησαν,
1193 2989 1292 3070 άλλην
1310 2995 1344 3056 δὲ

231 3080 326 3140 θείαν
348 3081 401 3141 καὶ
425 3073 569 3152 ὡςαότως
590 3077 743 3185 ἔχορσαν,
778 3074 815 3156 ῆν
835 3077 976 3185 μάλιστα
1000 3081 1066 3142 δεῖν
1088 3074 1283 3160 δπέλαβον
1270 3102 1344 3143 εαυ-

231 3165 275 3248 τῷ
296 3161 481 3246 πρεπόντως
502 3157 672 3245 άγαθδν’
651 3188 728 3227 οντα
751 3161 807 3227 τδν
829 3163 911 3228 θεὸν
913 3167 1171 3273 προηγουμένως
1189 3167 1345 3272 δημιουρ

231 3250 341 3328 γῆσαι,
363 3252 522 3332 μυστικῶς
545 3246 778 3356 ἐδιδάχθησαν,
808 3248 887 3353 πρὸς
910 3245 946 3328 ῆν
970 3248 1021 3312 διά
1046 3255 1166 3333 σοφίας
1187 3275 1268 3315 κατα
1291 3275 1345 3328 την

229 3331 324 3417 χάριν
353 3337 410 3397 τοῦ
436 3333 631 3414 πνεύματος,
660 3331 714 3408 ὥς
733 3331 865 3443 εφιιιτδι
893 3331 1082 3418 ἀνθρώποις
1103 3340 1172 3410 τοῖς
1194 3332 1256 3399 666
1281 3333 1344 3400 θά-

231 3443 342 3493 νατον,
377 3418 412 3482 τό
438 3416 527 3525 όμμα
544 3425 597 3498 τῆς
615 3424 719 3503 ψυχῆς
736 3419 978 3529 άναιεόσαιτες,
1006 3425 1059 3485 καὶ
1080 3418 1323 3497 ἐνδιαθέτως
1289 3447 1344 3530 τρν

232 3498 325 3581 αότῆς
346 3508 432 3568 θεάν
455 3501 700 3614 δποδεξάμενοι
708 3501 838 3584 πόθον,
860 3502 1051 3571 ἀποθέσθαι
1075 3511 1141 3571 δεῖν
1159 3507 1274 3586 ταότην
1292 3507 1344 3616 τῆν

231 3593 400 3696 παροῦσαν
423 3588 552 3669 ζωῆν’
523 3590 653 3665 εικότως
675 3586 843 3678 ρίῆθησαν,
866 3593 893 3656 εἰ
915 3596 1063 3675 μέλλοιεν
1086 3592 1275 3676 καθαρῶς
1261 3599 1344 3658 εκεί-

69 3689 116 3727 θον
132 3686 223 3731 Μῖνι
218 3699 284 3753 νης
304 3673 383 3739 κατά
407 3673 463 3739 τὸν
485 3678 597 3740 δέοντα
619 3653 716 3759 66666
730 3676 966 3785 ἐπιλήψεσθαι.
992 3677 998 3759 Ι
1044 3680 1112 3743 Καὶ
1135 3677 1242 3758 επειδῆ
1268 3680 1345 3785 ζωῆς

231 3757 392 3867 άπόθερις
414 3759 557 3825 θανάτου
579 3787 679 3846 χωρις
702 3758 739 3825 06
744 3769 896 3870 γίνεται,
928 3763 1071 3828 θάνατον
1093 3760 1187 3873 αότῆς
1210 3763 1344 3843 ἐπενόη-

232 3870 292 3911 σαν
322 3844 376 3952 τῆν
405 3844 569 3928 ἄποβολῆν
597 3852 651 3926 τῆς
678 3846 757 3912 κατὰ
787 3847 890 3956 σάρκα
921 3854 1070 3955 στοργῆς,
1100 3842 1181 3914 68³
1163 3875 1198 3928 ης
1219 3851 1266 3927 εἷς
1289 3849 1345 3916 τὸν

229 3928 346 4012 βίον(
331 3958 347 4035 6
379 3937 437 3996 τοῦ
465 3933 610 3997 θανάτου
639 3937 766 4016 γέγονεν
796 3933 976 4038 εἶ’ςοδρς,”
965 3960 1016 3999 ινα
1047 3933 1177 4043 θανάτῳ
1199 3935 1345 4002 θάνατον

231 4014 455 4127 ἐπινοῆσαγτες
477 4043 533 4082 του
519 4020 604 4097 ζῆν
622 4043 665 4106 τῳ
652 4017 814 4107 θανάτῳ
831 4019 1031 4098 παύσωνται,
1056 4020 1112 4087 τόν
1121 4029 1238 4130 τίμιον
1256 4021 1344 4088 έναν·

231 4106 300 4165 τίον
323 4109 434 4185 κυρίου
456 4103 600 4169 θάνατον
622 4082 856 4182 ἀποθανόντες,
881 4104 937 4171 τδν
960 4104 1057 4183 ὅντως
1081 4111 1137 4172 τοῦ
1158 4105 1258 4185 όντως
1277 4114 1343 4174 θα-

231 4184 325 4251 νάτου
348 4187 509 4270 θάνατον,
536 4189 592 4256 τόν
616 4190 671 4270 τῆν
691 4190 831 4276 φθοράν
843 4195 902 4274 μέν
925 4198 1073 4296 φθείρειν
1096 4193 1344 4305 δυνάμενον,
1307 4221 1343 4284 τη

230 4274 265 4336 δέ
293 4279 455 4379 μακαρίᾳ
468 4276 529 4384 ζωῆ
556 4302 611 4341 και
640 4272 814 4363 άφθαρσίη
842 4277 1065 4381 παρεχόμενον
1093 4277 1127 4344 έν
1148 4291 1217 4356 τοϊς
1238 4263 1344 4359 άξίοές

230 4357 361 4433 εἴςοδον
410 4356 457 4422 Τό
483 4341 544 4443 γδιρ
567 4364 666 4447 πέρας
686 4365 740 4439 τῆς
760 4387 924 4446 παρονσης
946 4362 1057 4444 ταύτης
1079 4365 1157 4444 ζωῆς
1179 4362 1255 4432 ⁰666
1277 4366 1343 4433 θά-
