2752 4778
1189 174 1262 253 lat

135 354 278 438 similem
306 355 417 416 nactur
440 356 539 416 vitam
568 356 797 426 transmutavit,
827 361 857 415 et
881 356 978 415 vivam
1003 358 1059 417 sibi
1082 363 1238 420 mortem
1231 378 1260 420 m

138 442 250 510 οιιιιιιι
269 443 442 529 praesentis
473 444 542 503 aevi
563 449 684 518 tempus
707 440 812 502 effecit.
868 441 944 501 Nam
968 445 994 502 si
1016 444 1153 504 interitus
1177 448 1262 524 geni·

124 522 239 593 -ιιιάᾰ
268 545 350 591 mors
378 532 444 604 est,
473 545 594 605 semper
622 534 724 589 autem
755 528 889 588 ciborum
919 528 1074 589 affluentia
1097 530 1261 593 condatum

142 602 330 677 naturaliter
338 616 560 691 corrumpitur
590 631 699 690 corpus
728 613 813 674 iluxu
842 631 1029 691 evaporans,
1065 633 1185 692 semper
1205 620 1262 696 igi·

144 706 215 781 tur
224 716 284 777 per
306 716 387 776 qnae
409 701 501 761 vitam
523 717 594 762 esse
617 701 739 762 conlidit
763 702 913 777 vigentem
937 703 1048 761 sibit
1018 707 1048 762 et
1072 705 1159 764 nobis
1182 722 1262 764 mor·

144 792 211 855 tem
239 786 378 849 Adamas
407 789 608 865 conservavit.
639 785 748 860 ,Quod
778 788 805 846 si
833 786 923 846 modo
953 788 1010 848 deo
1041 791 1139 866 magis
1170 804 1261 864 quam

145 872 359 955 captaberuali
381 857 593 966 obtemperans
616 872 700 951 ligno
722 874 802 933 vitae
826 889 860 933 se
882 874 1025 946 aluisset,
1049 876 1262 937 immortalita-

144 966 222 1043 iffi,
246 960 307 1021 sibi
339 958 496 1036 largitam
516 962 581 1019 nnn
615 959 824 1034 deposuisset,
867 959 948 1020 vitae
987 963 1260 1024 communicatione

146 1046 288 1125 semper
284 1030 509 1129 nutriendam
541 1046 691 1122 siquidem
720 1045 819 1105 omnis
850 1046 911 1104 vita
938 1047 1061 1122 proprio
1092 1053 1122 1108 et
1151 1048 1260 1109 idoneo

145 1133 333 1219 uelamento
355 1125 519 1197 conservat
521 1149 563 1190 nr.
614 1130 672 1192 Nut
661 1133 834 1190 trimeutum
857 1137 958 1191 autem
983 1133 1053 1191 beat
1042 1138 1091 1194 tae
1113 1134 1193 1194 illius
1217 1137 1261 1193 vi·

145 1224 198 1281 tac
224 1210 321 1295 panis
344 1223 393 1287 est
421 1202 460 1277 de
490 1219 574 1295 caelo
603 1217 750 1278 devectus
778 1219 932 1292 vitamque
966 1219 1080 1279 mundo
1112 1219 1260 1297 largiens,

142 1303 404 1381 quemadmodum
425 1304 504 1383 ‘ipse
529 1302 621 1363 dese
652 1307 719 1379 ipso
742 1304 965 1381 in'evangeliis
988 1321 1082 1364 verax
1106 1307 1260 1385 signitica-

145 1390 189 1451 vit
217 1388 341 1465 Sermo,
379 1404 438 1465 quo
468 1390 507 1449 nli
529 1391 644 1465 primus
667 1389 759 1457 bomo
783 1405 850 1450 cum
876 1389 986 1463 nollet,
1026 1391 1129 1451 divina
1152 1394 1259 1453 merito

145 1477 209 1547 vila
227 1470 507 1549 excidit,'alteram
530 1481 639 1536 nactus
661 1476 808 1554 genitoris
830 1477 952 1550 mortis,
977 1478 1145 1538 secundum
1165 1495 1258 1554 quam

144 1559 382 1643 irrationabilem
405 1560 612 1622 sibi'formam
634 1564 812 1637 imponens,
836 1562 955 1622 divinae
978 1579 1047 1622 vero
1070 1566 1259 1625 inenarrabi-

144 1650 206 1731 ιιιιι
243 1643 511 1725 pulchritudinem
532 1647 721 1722 obscurans,
759 1650 846 1707 morti
880 1664 982 1708 escam
1013 1650 1133 1710 tradidit
1162 1657 1257 1712 totam

144 1741 298 1799 naturam.
349 1729 406 1795 Per
428 1749 519 1810 quam
542 1750 624 1794 mors
649 1735 720 1794 vivit
741 1751 795 1810 per
816 1739 913 1794 tolum
937 1734 996 1796 boc
1019 1739 1163 1812 temporis
1186 1754 1259 1814 spa·

145 1822 238 1894 ιιιιιιι,
269 1826 301 1883 ιι
322 1816 385 1905 'nos
412 1816 475 1880 'sibi
497 1837 602 1895 escam
625 1827 727 1895 parat,
758 1837 815 1881 nos
840 1836 912 1881 vero
935 1837 1093 1896 nunquam
1118 1825 1256 1898 vivimus,

144 1915 176 1985 ct
198 1922 326 1983 semper,
342 1923 397 1982 per
417 1908 570 1967 interitum
595 1909 633 1966 ab
656 1923 693 1968 eo
716 1907 906 1966 devoramur.

139 2088 255 2185 Quod
285 2074 359 2167 ιιι
372 2090 539 2165 instabili
577 2114 686 2164 cursu
728 2091 928 2190 praesentis
970 2092 1066 2166 vitae
1104 2093 1257 2167 alteram

196 2218 277 2272 esne
319 2218 445 2269 veram
485 2219 526 2268 ac
567 2194 732 2269 divinam
767 2204 803 2269 ιι
835 2216 960 2293 parem
993 2195 1108 2269 vitam
1140 2201 1256 2271 sancti

195 2290 411 2375 didicerint

250 2435 344 2497 Cuius
378 2451 445 2495 cum
480 2436 578 2495 sancti
606 2435 691 2497 futile
719 2442 811 2509 atque
842 2437 995 2495 turbatum
1027 2435 1256 2511 cognovissent,

146 2516 237 2583 vitam
273 2519 447 2581 bominibus
482 2522 629 2598 principio
664 2522 765 2582 datam
800 2537 858 2580 uon
896 2521 976 2581 hanc
1011 2537 1082 2581 esse
1115 2521 1256 2580 nimirum

144 2613 217 2669 snut
243 2608 360 2683 edocti,
396 2607 452 2667 sed
480 2607 608 2668 alteram
639 2608 770 2667 divinam
798 2614 828 2668 et
849 2622 971 2683 parem,
1007 2622 1099 2681 quarn
1123 2607 1255 2667 maxime

144 2700 283 2772 oportere
319 2695 377 2754 sibi
413 2695 628 2753 convenienter
661 2694 768 2764 deum,
805 2695 855 2769 qui
886 2696 983 2754 bonus
1013 2699 1076 2764 est,
1110 2694 1256 2770 principio

144 2795 270 2852 creasse
301 2780 553 2856 suspicabantur,
586 2782 713 2857 mystice
744 2780 930 2840 didicerunt:
970 2796 1030 2855 qno
1059 2797 1113 2855 per
1135 2780 1257 2855 sapien-

143 2869 223 2929 tiam.
241 2882 297 2945 pro.
326 2863 425 2944 gratia
453 2867 593 2943 spiritus,
631 2870 777 2940 quantum
808 2867 837 2926 id
868 2866 938 2926 licet
966 2865 1139 2926 homiuibus
1163 2865 1257 2925 semel

144 2954 253 3021 morti·
269 2953 434 3025 subiectis,
471 2953 592 3012 animae
629 2952 750 3012 oculum
784 2952 992 3026 reflectentes,
1029 2958 1122 3028 atque
1152 2953 1256 3012 intime

143 3039 279 3101 divinum
302 3039 369 3103 eius
392 3040 594 3114 suscipientes
614 3038 815 3112 desiderium,
847 3039 1061 3113 deponendam
1084 3038 1164 3098 banc
1186 3052 1256 3096 esse

143 3131 336 3202 praesentem
366 3124 458 3183 vitam
489 3126 595 3185 rnerito
624 3125 890 3193 existimaverunt,
921 3125 945 3181 si
976 3140 1052 3198 pure
1080 3124 1161 3183 illam
1193 3123 1258 3182 vel·

143 3211 221 3283 ιιιιι,
249 3215 282 3271 ιι
304 3216 338 3270 ut
359 3211 436 3270 ratio
457 3210 608 3286 postulat,
644 3212 799 3284 consequi.
847 3212 946 3283 Atque
968 3225 1037 3268 curn
1060 3210 1141 3269 vitae
1163 3208 1256 3284 depo-

144 3298 212 3359 sitio
242 3297 311 3357 sine
339 3300 435 3355 morte
464 3312 525 3356 non
554 3296 602 3368 m,
643 3303 770 3356 mortem
801 3297 866 3355 cius
896 3301 1081 3355 censuerunt
1110 3310 1180 3355 esse
1202 3296 1256 3353 ab·

144 3385 305 3445 lectionem
328 3381 460 3442 carnalis
484 3383 613 3452 amoris,
638 3398 692 3458 per
714 3397 803 3455 quem
822 3382 911 3441 rnortl
930 3381 1029 3441 tactus
1048 3386 1096 3440 est
1112 3382 1142 3438 in
1163 3381 1254 3439 vitam

144 3470 284 3530 introitus
313 3474 346 3528 ut
374 3469 460 3528 morti
492 3474 617 3528 mortem
646 3467 851 3528 machinando
880 3469 972 3527 vitam
1002 3472 1096 3526 morte
1126 3467 1254 3538 linirent,

145 3554 353 3616 honorabilem
377 3569 480 3613 coram
504 3552 626 3613 domino
651 3559 776 3614 mortem
798 3554 983 3626 subeuntes,
1014 3559 1140 3612 mortem
1165 3567 1256 3610 verae

144 3643 249 3703 mortis
270 3657 390 3714 veram,
423 3640 473 3714 qui
496 3640 648 3700 interitum
671 3640 792 3714 quidem
811 3639 939 3714 perdere
957 3645 1078 3714 posset,
1108 3638 1163 3697 sed
1183 3638 1256 3696 bea-

144 3735 191 3789 tue
222 3726 315 3807 simul
343 3728 422 3787 vitae
446 3729 475 3784 et
496 3726 730 3786 immortalitatis
754 3724 870 3784 aditum
894 3726 1020 3799 aperire.
1067 3723 1153 3798 Quod
1176 3724 1254 3781 enim

144 3815 224 3876 ultra
246 3813 327 3873 hanc
348 3816 397 3872 esi
419 3818 612 3888 praesentem
635 3813 728 3872 vitam
749 3828 808 3870 non
827 3812 892 3871 iure
912 3811 983 3870 mibi
1004 3817 1131 3870 moriem
1153 3809 1256 3869 videor

145 3898 315 3977 appellare,
354 3898 410 3957 sed
433 3899 534 3973 potius
557 3899 662 3957 mortis
686 3898 883 3968 solutionem,
911 3898 1049 3956 interitus
1073 3896 1254 3967 discessum,

145 3987 301 4047 servitutis
334 3984 557 4059 liberationem,
595 3985 832 4062 perturbationis
866 3984 1069 4052 sedationem,
1107 3982 1255 4042 bellorum

147 4072 365 4151 sublationem,
389 4070 577 4130 confusionis
600 4072 776 4140 transitum,
798 4071 991 4129 tenebrarum
1015 4085 1187 4139 recessum,
1212 4068 1257 4127 la-

148 4158 250 4219 borum
274 4158 502 4226 remissionem,
527 4159 670 4235 strepitus
694 4157 811 4216 confusi
833 4155 1002 4228 silentium,
1027 4155 1152 4215 fervoris
1173 4155 1256 4228 ouie-

218 4344 241 4396 ι.
260 4338 416 4408 διιπιρροῆς
434 4341 491 4392 cod.
511 4341 592 4401 (iud,
620 4357 665 4405 pro
685 4355 764 4389 more.
