2752 4778
1034 170 1194 283 x41

108 372 121 413 s
164 353 307 429 quidem
338 352 443 410 merito
474 351 591 409 virtutis
622 353 748 411 miratus
773 369 857 422 sum,
887 359 916 413 et
938 357 967 412 in
991 356 1058 429 ipsa
1084 357 1198 417 claram

108 458 159 515 ue
188 440 355 500 excelsam
376 437 495 496 Christo
519 436 689 512 placentem
714 443 845 499 vestram
871 438 1108 516 hospitalitatem
1131 444 1198 503 lau-

108 529 156 601 si,
196 527 306 603 magis
336 539 407 583 vero
435 539 489 597 per
519 539 639 594 omnem
672 525 793 584 modum
825 540 879 600 per
911 544 964 586 vos
995 532 1024 586 et
1052 529 1080 585 in
1112 532 1197 590 vobis

108 613 290 674 »nificatum
312 610 485 682 dominum,
515 611 566 684 qui
588 610 657 669 fecit
682 627 735 670 vos
760 611 798 670 ad
820 611 877 670 hoc
900 613 1010 690 dignos
1033 614 1113 688 lieri,
1144 615 1199 675 do-

108 706 253 778 lumque
275 698 314 758 ab
337 698 404 772 ipso
428 696 585 779 virtutem,
610 696 659 771 qui
684 699 749 757 suis
771 695 892 757 ‘servis
912 714 966 775 per
984 705 1087 760 vestra
1104 719 1197 778 opera

108 787 220 847 citatis
245 787 352 860 aperte
374 781 628 858 pulchritudinem
653 783 842 855 manifestat,
873 800 971 859 usque
995 786 1034 845 ad
1057 803 1107 846 me
1128 805 1199 863 par-

108 890 168 946 ua,
196 877 230 932 et
254 869 338 930 nullo
363 869 503 945 dignum,
527 874 557 926 et
578 869 750 939 indoctum,
780 877 811 931 et
833 873 913 930 omni
937 873 1052 932 nudam
1074 877 1198 935 omnino

108 964 192 1020 riute
224 961 257 1017 et
286 956 421 1016 scientia.
479 955 523 1012 Ac
552 970 606 1028 per
635 954 693 1014 hoc
721 954 894 1015 humiliatos
925 959 1126 1019 considerans
1148 977 1198 1022 me

108 1062 184 1106 sum
213 1044 355 1118 accipere
384 1045 517 1100 vestrum
540 1046 734 1116 praeceptum
759 1042 928 1101 secundum
953 1044 1090 1106 virtutem
1115 1063 1199 1107 com-

108 1133 244 1203 rleram,
281 1129 354 1188 dum
381 1129 412 1200 in
444 1125 526 1186 nullo
550 1128 734 1205 ,temerarius
764 1129 950 1188 aestimabor
980 1130 1081 1191 multis
1105 1135 1199 1193 vestri

108 1219 183 1278 atta
221 1215 340 1274 faciens
374 1228 562 1286 sermonem,
601 1213 656 1271 sed
685 1218 714 1271 et
744 1229 800 1272 vos
829 1221 945 1290 gratam
977 1220 1007 1275 et
1036 1220 1197 1279 amabilem

108 1302 301 1364 »audientiae
335 1297 505 1359 mercedem
535 1299 673 1372 accipere
703 1302 876 1374 expectanti
905 1306 1026 1363 vestras
1058 1304 1199 1365 videlicet

108 1391 244 1452 ¹ationes
271 1387 405 1445 intentas
435 1389 580 1444 consuete
609 1385 776 1455 donabitis,
816 1391 849 1446 ut
879 1385 1016 1449 Christus
1045 1390 1197 1465 dominus,

108 1479 130 1536 ri
162 1480 215 1535 est
245 1477 386 1547 paratum
417 1471 585 1530 timentium
616 1486 650 1529 se
674 1471 870 1547 adiutorium,
906 1475 1007 1534 veniat
1038 1476 1111 1535 mihi
1133 1494 1199 1538 ser·

108 1564 185 1622 onis
217 1558 352 1633 adiutor,
383 1558 481 1634 magis
512 1562 614 1617 autem
643 1556 771 1618 dicendo
795 1562 889 1618 totum
912 1561 975 1634 pie,
1012 1567 1046 1621 ut
1066 1561 1198 1624 Verbum

108 1650 235 1728 rgiatur
257 1645 392 1705 verbum.
439 1642 535 1703 Posco
559 1649 660 1703 autem
683 1660 738 1703 vos
760 1645 969 1722 postulantes,
1001 1664 1039 1708 ne
1058 1656 1197 1710 ornatam

108 1733 245 1796 sacratis
274 1747 293 1792 a
323 1747 371 1792 me
402 1728 581 1803 dictionem,
616 1730 667 1804 qui
696 1736 842 1790 ornantes
871 1731 1007 1792 auditum
1038 1751 1197 1797 sermones

108 1837 143 1882 >n
166 1820 291 1893 habeo,
324 1823 354 1877 et
377 1817 505 1877 curiosis
528 1814 670 1875 ⁵bombis
694 1818 825 1877 ambitus
848 1818 948 1878 facere
971 1821 1089 1898 ignoro.
1140 1823 1199 1882 Ta—

108 1924 157 1968 mn
190 1906 273 1967 enim
303 1904 508 1964 doctrinarum
532 1901 603 1962 dum
627 1903 683 1962 sim
706 1904 841 1975 inscius,
876 1911 905 1964 et
928 1921 1035 1981 curae,
1067 1910 1198 1983 quaein

108 2011 128 2054 ‚s
160 2000 227 2062 est,
263 1988 503 2069 magnitudinem
534 2004 595 2047 non
625 1991 829 2060 constituens,
867 1989 1096 2054 dilectissimum
1129 2011 1198 2056 reor

108 2087 179 2156 tque
212 2077 362 2153 optabile,
388 2077 427 2136 ¹si
457 2091 581 2136 sensum
612 2077 716 2152 magni
744 2075 837 2136 huius
866 2081 896 2136 et
924 2081 1022 2138 sancti
1050 2082 1196 2157 magistri,

108 2167 142 2228 tsi
173 2163 306 2226 confusa
328 2161 559 2238 explanatione,
589 2167 620 2222 et
641 2161 701 2222 hoc
725 2162 945 2237 aliquantulum
967 2166 1197 2241 considerarim,

108 2269 148 2314 on
170 2256 276 2312 tamen
300 2248 456 2325 multiplici
477 2264 569 2308 versu
587 2249 807 2323 expositionem
825 2249 1053 2312 honorificante.
1099 2252 1198 2314 Theo-

108 2355 178 2419 tgus
207 2333 290 2398 enim
312 2336 371 2397 iste
392 2337 452 2406 vir,
482 2335 561 2394 sicut
585 2335 684 2406 scitis,
718 2336 817 2397 brevis
840 2339 1030 2398 sermonibus
1054 2338 1124 2398 darm
1148 2341 1196 2414 sit,
1281 2335 1301 2361 ¹

108 2432 115 2486 t
141 2423 261 2485 multus
288 2422 460 2491 intellectu,
491 2422 702 2482 necessitatem
733 2422 786 2482 dat
808 2422 974 2509 explanare
997 2426 1109 2484 volenti
1131 2426 1197 2487 eius
1254 2458 1255 2461 ι

108 2511 302 2608 rteulionem,
332 2509 390 2569 etsi
417 2507 655 2568 facundissimus
686 2512 716 2568 et
747 2503 1030 2585 sapientissimus⁶
1041 2513 1071 2570 in
1096 2513 1197 2573 multis

108 2603 138 2675 t,
163 2602 197 2658 et
218 2596 319 2674 magis
341 2595 415 2656 mihi
437 2592 571 2653 indocto
627 2591 658 2653 Si
682 2611 761 2654 vero
778 2613 833 2656 nos
857 2601 1002 2657 consuete
1025 2597 1089 2658 Deo
1113 2616 1199 2661 ama-

108 2685 152 2745 dis
177 2683 307 2744 moverit
328 2669 431 2755 zeluS,
455 2678 527 2739 dum
551 2680 589 2740 ad
613 2682 704 2740 breve
728 2683 817 2742 simul
840 2700 877 2743 ac
894 2684 1018 2759 planum
1041 2701 1095 2759 ea,
1120 2701 1198 2762 quae

108 2773 200 2873 cripta
230 2772 318 2838 sunt,
346 2767 526 2836 deferimus,
558 2783 614 2826 nos
644 2768 743 2844 magis
773 2784 864 2845 quam
893 2775 990 2830 toturn
1014 2772 1198 2834 intellectum

108 2858 233 2936 rigimus
263 2855 302 2916 ad
331 2854 360 2914 id
391 2851 471 2938 qaod
502 2853 653 2913 excelsius
683 2860 744 2928 est,
783 2856 951 2917 mercedem
983 2875 1036 2933 per
1065 2875 1099 2918 se
1130 2877 1200 2961 per·

108 2950 196 3006 ctam
227 2942 397 3017 accipietis,
434 2932 537 2999 deiieri
564 2938 646 3000 illius
678 2941 792 3001 scilicet
820 2943 858 3002 ad
881 2941 1042 3005 Dominum
1065 2948 1197 3007 omnium

108 3031 257 3099 rationes,
286 3030 392 3103 utpote
418 3041 478 3086 uon
507 3026 710 3086 concedentes
734 3028 799 3088 eius
822 3028 939 3088 divinos
962 3036 993 3090 et
1015 3038 1198 3107 supernatu-

108 3114 167 3178 aas
195 3113 370 3175 intellectus
401 3113 510 3189 spretis
541 3127 578 3171 ac
600 3114 711 3173 vilibus
733 3117 855 3175 tractari
880 3114 1196 3193 contemplationibus.

108 3205 316 3276 onsequenter
345 3205 447 3261 autem
477 3203 599 3260 vestrae
629 3199 776 3274 epistolae
806 3218 860 3276 per
885 3202 1008 3280 singula
1031 3205 1132 3279 capita
1152 3205 1197 3263 in·

108 3285 284 3350 uisitionem
315 3286 386 3357 ieci,
419 3291 449 3346 et
470 3285 565 3345 literis
590 3286 815 3367 commendavi,
845 3290 943 3349 bonos
967 3294 1058 3363 atque
1080 3290 1198 3350 miseri·

108 3375 195 3436 mdes
219 3390 274 3433 vos
297 3389 403 3434 earum
427 3387 506 3448 quae
531 3372 704 3433 dictasunt
726 3373 842 3434 iudices
865 3375 928 3434 lieri
952 3375 1132 3451 deprecans.

108 3512 145 3588 lx
180 3535 348 3586 sermone
386 3511 432 3585 de
467 3507 650 3608 Hospita]
640 3519 744 3602 1tate,
787 3515 826 3603 in
861 3513 948 3605 hoc,
991 3510 1123 3604 ‚Pareo
1157 3523 1199 3588 ut

137 3615 399 3790 cooperatori,t
410 3623 446 3687 et
469 3637 543 3686 non
564 3613 682 3688 habeo
707 3616 890 3713 quomodo
912 3617 1052 3715 firgiam
1072 3642 1197 3717 super·

137 3728 309 3864 pennam,
335 3724 399 3791 aut
414 3716 605 3816 quomodo
626 3741 699 3790 non
721 3745 742 3791 a
766 3719 834 3793 deo
856 3720 1000 3811 cadam,
1027 3727 1198 3819 gravatus

137 3823 286 3922 ¹pueris
309 3818 575 3920 deripientibus
600 3830 663 3893 aut
685 3821 964 3895 detinentibus
954 3848 993 3895 m
1014 3828 1173 3897 terram!

131 3994 180 4044 4
199 3993 221 4045 1.
241 3991 336 4044 Scotus
353 3992 450 4057 legisse
467 3990 570 4040 videtur
588 3986 680 4051 ἰδίοις,
698 3991 767 4053 quod
787 3992 912 4056 ineptum.
935 3989 1030 4055 (Gale.)
1086 3992 1111 4041 6.
1131 3991 1199 4052 Quid

109 4061 131 4112 ic
148 4062 241 4114 Scelus
259 4061 353 4126 legerit
370 4061 505 4111 incertum
527 4055 635 4127 Τομαὶ
655 4061 717 4124 quid
736 4061 788 4110 sint
807 4060 920 4126 explicat
939 4060 1115 4124 Hermogenes
1134 4059 1151 4111 l.
1163 4061 1196 4111 ll.

110 4130 246 4184 eliarmis.
271 4128 367 4196 (tiele)
421 4130 447 4182 6.
467 4130 498 4180 ia
515 4131 633 4192 multia,
659 4136 730 4179 verte
748 4129 848 4195 fusius
863 4130 1022 4194 caputiari.
1048 4128 1145 4194 (Gale.)

157 4217 180 4267 l.
198 4217 313 4280 pueris,
332 4213 509 4266 inscitissime.
539 4213 617 4265 Verte
636 4215 836 4278 compeditus,
855 4214 991 4266 uincatis.
1013 4212 1112 4279 (Gale.)
1142 4212 1196 4263 Nisi

108 4284 153 4368 pira
170 4284 239 4336 idem
247 4285 347 4406 mm
367 4289 528 4345 occurreret,
547 4285 701 4349 scripturam
721 4290 837 4350 putarem
855 4290 1018 4348 corruptam,
1037 4284 1197 4344 vertisseqne

108 4360 194 4404 »cotum
211 4367 247 4418 po
325 4393 329 4402 .
