2768 4784
239 168 290 245 84

238 354 475 435 δημιουργεῖται
496 352 586 415 πᾶσα
608 346 833 457 φιλόσοφος’
813 347 906 458 αρετῆ
928 374 984 414 και
973 341 1244 458 φυλάττεται,“
1227 372 1281 431 υφ
1272 335 1350 411 ’ὧν

238 442 292 502 καὶ
314 435 499 543 ἔκφαίνεται
520 433 574 499 διά
596 431 743 519 σώματος
764 431 824 517 οὔχ
848 433 915 513 ὅλη.
960 431 1006 498 06
1026 431 1087 522 γάρ
1098 442 1331 543 Ηχωρεῖται
1280 429 1350 499 σάν

237 548 331 633 μιιτι,
362 520 523 626 χαριικτῆρ
552 517 743 633 ὑπάρχουσα
771 526 865 597 θείας
886 519 1062 630 ιλυγάμεως,
1088 517 1168 585 ἄλλα
1191 544 1263 587 τινα
1284 520 1348 589 τιῆν

239 605 334 687 αιίτῆς
345 606 557 716 σκιάσματα,
586 614 641 671 καὶ
669 610 761 672 τοῦτο
792 605 830 672 06
858 603 935 717 66³
922 605 1048 717 ειιυτῆν,
1078 602 1132 671 διά
1154 608 1190 670 66
1211 603 1249 670 τὸ
1272 600 1349 679 τοῆις

237 691 374 779 γυμνοὺς
400 697 453 772 τῆς
480 689 545 758 κατ’
574 688 668 772 αὗτῆν
688 692 819 801 χάριτος
840 693 886 767 εἷς
905 699 1040 776 μίμησιν
1063 690 1230 756 ἐλθεῖν
1193 715 1247 770 της
1265 695 1349 763 θεο-

238 784 344 856 ειδοῦς
371 782 433 844 τάν
462 783 641 889 φιλοθέων
654 775 819 884 ἀνδρῶν’
800 803 939 888 ανοιστρο
967 805 1018 861 ης,
1048 774 1137 888 ἐφ’
1121 768 1147 841 6
1169 779 1206 866 τῆ
1226 800 1347 881 μετοχή

238 869 295 933 τοί
317 869 416 932 καλοῖ
437 872 492 930 καὶ
514 862 627 941 αθτοιλς
647 863 683 930 τὰ
706 868 760 943 τῆς
781 870 893 941 κακίας
899 805 1030 973 6636
1051 841 1274 971 άπαθεμίνους
1293 885 1349 940 της

238 956 301 1017 τάν
330 949 427 1028 άξίων
449 955 531 1018 θεοῦ
549 954 702 1036 γενέσθαι
724 958 858 1038 μοίρας,
893 949 910 1030 6
935 976 1008 1028 τους
1012 946 1233 1060 δεομένους’
1219 972 1348 1035 επικοιι·

77 1047 125 1088 W·
140 1040 231 1087 ΗΜ·
224 1044 312 1123 ·ρίας
332 1036 418 1114 τινάς
435 1034 476 1126 1‘
461 1037 523 1102 666
547 1041 609 1103 τῶν
631 1039 808 1121 δυναμένων
830 1047 952 1122 τυχεῖν,
975 1039 1063 1142 ἐφ
1012 1027 1126 1100 ³6
1094 1061 1148 1115 την
1167 1036 1348 1142 κρυπτομέ-

238 1150 292 1204 νην
313 1150 357 1212 τῳ
343 1128 480 1207 βαθεῖ
496 1127 549 1203 τῆς
569 1127 671 1208 ψυχῆς
692 1127 754 1187 τάν
777 1123 931 1235 ἐναρὲτιιιν
953 1100 1102 1189 διάθεσιν
1126 1119 1179 1186 διὰ
1201 1123 1259 1184 τοῦ
1282 1117 1348 1185 66·

236 1235 338 1294 ματος
365 1209 445 1275 κατά
472 1208 527 1288 τῆν
553 1212 671 1295 πρᾶξιν
684 1219 853 1316 φανεῖσαν
881 1206 1149 1293 ἀποδεξαμένους,
1182 1202 1243 1310 τήν
1265 1208 1347 1271 πᾶσι

238 1295 341 1361 πάντα
369 1299 561 1404 γινομένην
562 1300 618 1361 καὶ
645 1292 697 1359 διὰ
727 1294 854 1360 πάντων
881 1299 962 1361 πάσι
991 1297 1159 1407 παροῦσαν
1185 1295 1243 1356 τοῦ
1264 1294 1348 1362 θεοῖ

237 1379 412 1468 πρόνοιαν,
440 1386 494 1447 καὶ
522 1378 635 1456 αάτοίις
661 1378 860 1490 άνυμνῆιται.
891 1378 945 1457 Ὡς
973 1382 1038 1465 είγε
1063 1369 1217 1466 μηδεις’
1198 1402 1237 1456 ην
1265 1372 1283 1442 6
1312 1367 1349 1443 εὖ

238 1473 359 1532 παθεῖν
386 1466 597 1577 ὃεόμενος,’
584 1464 602 1547 6
626 1462 643 1530 6
665 1466 748 1575 πρὸς
770 1464 882 1573 άρετῆν
903 1471 1138 1573 παραδείγματι
1159 1466 1348 1542 τυπωθῆναι

77 1563 111 1603 ¹³⁶
119 1549 394 1661 611υιθνάφείλων,
429 1550 525 1618 αὐτὸν
558 1552 691 1657 6666606
722 1550 860 1662 ἀρκεῖν
864 1552 965 1641 ἑαυτῷ
993 1552 1135 1633 πάντως,
1169 1559 1238 1626 ταῖς
1261 1546 1347 1619 κατὰ

86 1660 87 1663 ’
237 1639 342 1728 φυχῆν
363 1643 425 1705 τάν
447 1636 566 1744 άρετάν
587 1637 718 1724 χάρισιν
730 1618 966 1746 αβρυνάμενον.
1010 1643 1075 1702 Καὶ
1097 1641 1170 1721 δίχα
1192 1639 1246 1714 τῆς
1266 1632 1347 1700 τοά-

238 1750 300 1791 των
325 1723 387 1834 666
420 1730 477 1790 τοῦ
503 1723 651 1807 σώματος
677 1723 760 1834 πρὸς
788 1724 824 1790 66
855 1727 993 1834 ἐμφανὲς
1022 1721 1215 1798 άποιλείξεως
1244 1725 1347 1829 λέγειν

239 1808 297 1878 οὔκ
319 1809 450 1920 άτιιπιιν.
499 1808 540 1874 ‘0
561 1817 668 1876 τοίνυν
690 1815 826 1894 ευσεβάς
847 1810 900 1875 διά
921 1817 1064 1920 θεωρίας
1084 1806 1283 1918 κατανοήσας
1305 1803 1348 1917 ὥς

238 1899 253 1964 ε
276 1923 304 1963 ει
333 1896 371 1962 τά
401 1894 495 1977 ὄντα,
523 1923 578 1962 και
606 1896 660 1960 διὰ
676 1896 804 2005 βοάλης
826 1896 989 1981 λογικῆς
975 1899 1215 2007 εστοχασμένως
1236 1919 1269 1960 τε
1291 1919 1348 1959 και

239 1925 406 2091 6669
371 2008 427 2047 τον
448 1987 522 2068 περι
545 1978 648 2047 66666
670 1979 862 2091 ὁρισάμενος
883 1983 998 2089 λόγον,
1019 2009 1074 2048 και
1064 1978 1284 2091 φυλάττων“
1271 2004 1348 2045 εαυ-

237 2073 284 2158 τῷ
310 2068 365 2149 τῆν
386 2074 516 2177 κρίσιν,
551 2072 675 2152 μάλλον
702 2069 780 2134 66³
766 2069 884 2178 εαιιτόν
906 2073 944 2161 τῆ
970 2076 1091 2175 κρίσει
1104 2065 1349 2178 άπαρέγιιλιτον,

236 2159 345 2221 πάσαν
370 2151 464 2262 ὅμοίι
497 2153 708 2235 συλλαβῶνν
671 2180 814 2265 εχει
781 2153 836 2235 τῆν
850 2151 991 2266 άρετῆν,
1005 2151 1111 2259 πρὸς
1141 2151 1234 2219 οῖδὲν
1263 2150 1344 2219 ἄλλο

224 2297 229 2308 .
236 2267 315 2327 μετα
347 2238 402 2319 τῆν
434 2240 629 2349 λγνωσμενην
662 2238 868 2322 άληθειαν”
849 2266 896 2306 ετι
925 2238 1123 2346 κινιιάμενος,
1156 2245 1210 2306 καὶ
1238 2235 1344 2304 πάντα

238 2330 386 2429 παρῆλθε
412 2325 465 2392 διὰ
493 2330 648 2407 σπουδῆς,
682 2323 810 2439 ρίδενός
836 2325 873 2392 τὸ
894 2325 1047 2438 παροίνιον
1068 2325 1165 2409 λόγον
1185 2323 1345 2436 ιιοιοάμε·

238 2438 293 2489 νος
321 2412 383 2523 τάν
411 2413 474 2479 ὅσα
498 2411 618 2499 σαρκὸς
639 2420 693 2478 καὶ
714 2413 838 2497 κόσμου
860 2413 929 2479 666
950 2418 1003 2478 καὶ
1025 2416 1166 2517 λέγεται,
1193 2411 1344 2479 ἓνδιαθὲ·

238 2525 298 2575 τως
331 2498 413 2583 ἔχων
438 2497 503 2606 ῆὸη
531 2503 576 2586 τῷ
607 2499 692 2602 λόγῳ
721 2502 947 2607 περιεχομένην
975 2495 1106 2584 άμάχως
1134 2496 1188 2578 τήν
1215 2499 1344 2584 πρᾶξιν,

239 2579 293 2651 οἷα
316 2585 414 2648 τοῖ’
400 2579 449 2669 εφ’
478 2562 565 2668 ῆμῖν
577 2584 697 2661 πάντας
719 2585 819 2672 ἑαυτῷ
841 2589 897 2650 τοῦ
919 2589 1119 2692 διανοητικοῆ
1141 2585 1213 2660 τοὺς
1234 2592 1343 2694 κρατί-

237 2695 332 2745 στοας
353 2666 492 2746 άπαθεῖς
513 2670 778 2780 ἒπικομιζφμινου
800 2650 931 2780 λόγους,
954 2664 1035 2736 καθ’
1059 2667 1115 2747 069
1135 2668 1269 2737 666a³
1248 2670 1342 2753 αρετῆ

238 2762 292 2822 καὶ
325 2759 442 2838 γνῶσίς
475 2755 543 2822 ἔστι
571 2762 625 2821 καὶ
630 2754 839 2868 άφέστηκεν,
873 2752 916 2832 ὥς
943 2755 1138 2866 θυνάχιειςν
1116 2781 1210 2832 οντας
1240 2760 1345 2843 ψυχῆς

237 2845 382 2949 λογικῆς,
410 2840 492 2949 πρὸς
518 2846 578 2925 μὲν
606 2841 641 2906 τὰ
671 2837 754 2909 εἶναι
781 2842 929 2954 σώματος
956 2839 1015 2908 066
1058 2843 1140 2919 ὅλως
1159 2839 1344 2951 χρήζοντας,

237 2953 263 2992 π
285 2926 321 3002 ὂς
349 2930 384 2992 66
411 2926 447 2992 τὸ
478 2931 630 3038 φανῆναι
643 2929 696 2994 διά
723 2929 778 3006 τοὶς
805 2929 970 3016 εἰρημένας
996 2930 1105 3006 αίιίας
1127 2927 1205 2994 κατά
1228 2927 1344 3014 καιρὸν

77 3028 126 3072 ⁰⁰¹·
141 3023 232 3071 ¹-·1³7·
238 3017 325 3101 αυτά
374 3017 496 3102 ρῆσθαι
526 3011 582 3080 066
610 3011 868 3124 άναινιιμὲνοιις.Ι
911 3019 998 3082 Φασὶ
1019 3014 1081 3119 γὰρ
1103 3041 1158 3080 του
1144 3017 1345 3095 ”διανοητι·

238 3103 298 3167 κοῦ
283 3041 466 3178 6666,³
454 3100 562 3176 ἷδικάς
568 3105 647 3206 μὲν
674 3100 730 3179 τάς
750 3101 875 3182 νοήσεις
896 3105 958 3166 τῶν
979 3105 1115 3209 νοητῶν,
1142 3099 1197 3177 τὰς
1218 3098 1344 3209 ἀρετάς,

238 3183 294 3262 τὰς
312 3185 503 3291 ἐπιστήμας,
523 3183 596 3262 τοάς
613 3191 675 3253 τάν
691 3192 808 3296 τεχνῶν
826 3186 960 3291 λόγους,
979 3185 1015 3252 τά
1038 3185 1285 3275 προαιρετικὸν,
1306 3184 1343 3253 τὸ

235 3269 457 3383 βουλευτικὸν,
481 3277 621 3383 γενικῶς
633 3273 723 3338 66
689 3300 744 3351 τας
764 3280 903 3380 κρίσεις,
925 3271 980 3350 τοὶς
1002 3272 1326 3378 συγκαταθέσεις,
1289 3298 1345 3349 τας

237 3354 420 3463 άπιιφυγοὶς,
454 3357 509 3434 τοὶς
538 3354 657 3464 ὃρμιὶς,
694 3365 748 3425 καὶ
777 3357 832 3467 τιὶς
857 3364 917 3443 μὲν
944 3353 1026 3424 εἷναι
1054 3359 1153 3443 μόνης
1180 3362 1235 3439 τῆς
1261 3356 1343 3425 κατιὶ

238 3448 313 3509 νοῦν
334 3450 491 3556 θεωρίας,
520 3441 575 3530 τοὶς
596 3449 690 3509 66
653 3472 706 3526 της
727 3443 806 3512 κατὰ
829 3445 885 3510 τὸν
906 3444 1039 3529 λόγον’
1009 3450 1308 3567 επιστημονικῆς
1288 3450 1344 3511 66·

237 3528 367 3638 νάμεως.
418 3530 462 3594 Εί
484 3533 519 3594 δὲ
540 3529 665 3640 τοάτιιις
685 3535 924 3618 φρουρουμένην
947 3558 979 3597 οι
1001 3531 1090 3616 ἁγιοι
1112 3557 1167 3611 την
1195 3532 1344 3599 ὀἰκείαν

238 3614 317 3695 ζωήν
343 3615 571 3737 συνετήρησαν,
601 3613 663 3705 άρα
684 3621 934 3727 ³³⁰³³60⁷³f³³³³⁹
937 3615 991 3681 διά
1014 3621 1071 3683 τοῦ
1078 3616 1200 3727 λόγου
1212 3622 1344 3699 καὶτῆς

235 3706 389 3812 θεωρίας
404 3698 446 3767 ⁸6
475 3701 634 3812 μακάριος
662 3694 755 3780 οὗτος
781 3700 859 3789 οἷνῆρ
888 3702 1008 3779 πάντας
1034 3700 1108 3779 τοὺς
1134 3699 1200 3769 κατ’
1229 3702 1344 3791 οἷρετῆν

236 3793 290 3852 καὶ
345 3791 443 3853 νάσιν
475 3787 659 3872 είςηγήσατο
693 3787 808 3873 λόγους
836 3799 905 3865 τοῖς
932 3785 1040 3869 άγίοις
1070 3795 1344 3892 συνειλημμένους,

236 3868 276 3937 δι’
265 3813 415 3936 ’6
379 3878 415 3965 τῆ
449 3873 638 3984 κατοινοήσει
673 3878 731 3939 666
764 3881 845 3941 θεοῖ
879 3872 957 3940 κατά
991 3880 1136 3983 θεωρίαν
1152 3901 1344 3984 γνωστικιιις

235 3962 483 4066 προςανέχοντες
517 3959 684 4067 ἐμφρόνως
718 3959 797 4026 κατά
833 3960 931 4044 λόγον
962 3959 1014 4025 διά
1049 3964 1111 4026 τάν
1141 3988 1161 4025 α
1183 3966 1261 4029 ετῶν
1288 3961 1343 4044 τῆν

75 4059 109 4100 Ed
118 4061 158 4101 ενι
171 4056 228 4109 6³⁰
236 4043 367 4107 θείαν
352 4057 477 4122 εαυτοῖς
495 4044 636 4155 μορφήν
646 4046 898 4154 ἓνετυπάιιαντο,
915 4047 1043 4155 πάντως
1065 4042 1123 4113 σάκ
1092 3987 1263 4114 ἐἶναι’
1242 4047 1342 4155 άναχ·

235 4137 328 4194 καῖον
357 4130 482 4210 οἰηθεὶς
509 4135 563 4213 τῆν
586 4132 639 4198 διά
662 4136 720 4200 τοῦ
741 4133 887 4219 σάματος
911 4127 1070 4218 ὀνομάσαι
1090 4137 1224 4217 πρᾶξιν,
1246 4136 1342 4220 γινά·

239 4269 513 4285 m

267 4403 270 4410 ,
304 4337 330 4389 7.
352 4333 427 4392 ἰδίαν
445 4337 487 4389 ed.
510 4339 565 4390 Gal.
619 4339 644 4388 8.
664 4334 830 4407 ὃμοκάριῖιις
847 4340 905 4394 cod.
926 4339 993 4392 θοὰ.
