2752 4778
1167 208 1238 285 lit

120 386 314 464 sapiendam
334 393 483 462 manuam
506 387 547 449 ad
569 403 696 450 causam
718 389 849 451 deducit.
904 391 1004 467 Atque
1026 408 1133 453 rursus
1154 396 1241 455 iuxta

120 472 227 535 solam
244 475 457 548 mixtionem,
472 538 475 543 ,
490 473 548 534 hoc
571 481 619 536 est
642 476 834 552 aequabilem
857 478 1066 539 universitatis
1088 483 1242 557 composi·

120 560 258 637 dmm,
290 559 503 623 ¹conditionem
528 566 721 637 spectantes,
757 578 794 624 ac
820 580 876 639 per
903 563 982 625 haec
1011 567 1129 641 omnia,
1162 580 1241 641 quae

120 649 241 709 mino
263 647 349 709 inter
364 662 408 707 se
439 646 567 707 vinculo
582 648 613 707 in
635 649 728 709 ardus
750 650 856 710 mundi
878 650 1110 727 completionem
1133 653 1240 713 incifo-

120 730 175 795 ffll
193 732 368 815 ιφοοιιο.Ι
379 732 471 794 modo
503 733 685 806 cohaerent,
721 734 823 796 solum
853 751 923 797 eum
952 737 1003 811 qui
1030 752 1068 797 ea
1099 739 1239 816 conligat,

120 826 279 897 moso·
280 820 504 885 universitate.
514 825 616 895 partes
646 821 783 898 singulas
816 821 935 897 hasque
970 824 1056 897 ipsos
1092 825 1170 885 inter
1204 838 1239 884 se

120 907 365 981 lminrlosm
379 907 576 983 constringit,
601 907 736 983 opilioem
760 909 907 968 rationem
928 908 1133 986 cogitabundi,
1158 910 1237 971 duos

120 992 202 1077 latos
229 992 273 1053 l'n·
282 992 683 1069 :unumeontemplationis
706 993 832 1054 modum
861 993 1035 1070 cluserunt,
1069 997 1239 1057 secundom

120 1084 221 1155 oasin
245 1079 464 1155 dno-appulsu
485 1095 541 1154 per
562 1080 697 1140 rationes
719 1095 821 1140 rerum
844 1088 1020 1155 quaesunt
1043 1088 1177 1143 mentem
1200 1083 1239 1144 ad

120 1166 538 1235 musam-troasmtttcotcs,
561 1167 649 1240 eique
670 1168 724 1227 uni
746 1170 892 1241 tanquam
915 1168 1110 1228 conciliatrici
1131 1184 1238 1229 eorum

120 1262 206 1327 aare
220 1266 276 1311 err
306 1266 345 1312 ca
372 1257 444 1312 sunt
474 1252 623 1329 omnium,
653 1269 689 1313 oc
718 1268 823 1314 secum
846 1252 994 1329 trahenti,
1025 1253 1237 1332 adiungentes,

120 1338 340 1399 universorum
361 1338 529 1399 rationibus
551 1355 607 1415 per
629 1339 752 1417 singula
775 1354 916 1415 quaeque
938 1345 1152 1417 superatorum
1175 1356 1237 1401 non

120 1424 185 1485 leth
210 1421 338 1498 diduci,
369 1440 439 1485 cum
473 1426 518 1485 eis
552 1425 646 1501 plane
678 1441 862 1500 persuasum
895 1431 980 1486 esset
1013 1425 1110 1485 solum
1145 1425 1236 1487 deum

120 1510 256 1587 propria.
273 1510 403 1585 mhnqui
431 1526 470 1571 ex
499 1515 643 1572 accurata
672 1527 772 1573 rerum
802 1526 881 1587 quae
910 1518 982 1573 sunt
1001 1512 1177 1587 intuitione,
1208 1519 1238 1574 et

120 1596 295 1657 meacm
310 1611 428 1657 earum
458 1601 490 1656 et
518 1599 699 1671 nrotionem,
732 1602 763 1658 et
791 1599 930 1658 ordinem
961 1599 1039 1658 bene
1062 1598 1236 1659 distinctum

120 1692 245 1745 eornm-
266 1696 346 1757 quae
377 1682 508 1756 distant,
546 1689 576 1743 et
608 1699 713 1743 eorum
743 1698 822 1759 quae
852 1685 947 1744 mixta
976 1691 1049 1744 sunt
1077 1684 1238 1745 insolubile

121 1768 358 1840 aradum-„ct
377 1768 595 1829 immutabilem
619 1786 724 1830 eorum
748 1785 827 1845 quae
850 1772 949 1845 posita
971 1776 1043 1831 sunt
1064 1771 1238 1831 collocatio-

120 1860 275 1929 nertr,.··.et
301 1857 401 1915 omnis
430 1854 606 1930 simpliciter
627 1857 781 1917 essentiae
804 1872 927 1931 quaqua
948 1858 1043 1919 menti
1065 1860 1236 1933 perceptae,

120 1940 371 2003 st--rnottcniset
392 1940 603 2013 discretionis,
627 1942 781 2002 mixtionis
806 1947 897 2017 atquo
916 1944 1075 2018 positionis
1098 1958 1238 2022 oausam,

121 2027 210 2099 hho,
228 2028 385 2103 -inouom,
413 2042 469 2103 per
490 2027 717 2088 similitudinem
750 2032 971 2105 congruentem
993 2031 1149 2105 sapienter
1171 2047 1237 2106 my-

120 2116 233 2177 mcum
265 2112 327 2174 hoe
358 2113 496 2175 sensuali
530 2128 607 2173 aevo
638 2114 924 2191 contemplationem
954 2116 985 2173 in
1015 2116 1162 2175 mnodum
1190 2117 1238 2174 in-

122 2199 326 2263 meccedem
354 2200 386 2260 in
416 2201 523 2277 spiritu
550 2216 605 2276 per
633 2201 761 2262 virtutes
788 2201 972 2277 completum
1005 2201 1236 2272 transtulerunt,

123 2286 297 2349 seeundum
320 2300 417 2362 onam
444 2287 729 2362 contemplationem
759 2287 866 2347 modos
895 2301 971 2362 quos
1000 2287 1063 2347 dixi
1085 2289 1115 2346 in
1137 2302 1235 2348 unum

122 2372 295 2435 monacos
318 2373 472 2434 rohonem
502 2374 595 2433 variis
623 2373 766 2435 virtutum
789 2374 949 2448 speciebus
972 2372 1137 2434 voluntatis
1161 2389 1235 2434 con·

122 2458 251 2536 sittace.
272 2458 378 2519 maadi
398 2460 567 2520 essentiam
588 2460 712 2520 omnino
734 2459 925 2535 eapientem,
954 2459 1053 2520 solum
1078 2461 1134 2519 sibi
1158 2476 1233 2536 qua·

122 2552 216 2609 lenm
236 2548 392 2623 poterant,
423 2546 499 2622 ipsis
521 2547 760 2622 impresserunt,
791 2545 943 2622 superatis
965 2544 1105 2606 videlicet
1126 2562 1233 2608 eorum

123 2646 202 2711 quae
229 2636 310 2693 suot.
330 2632 468 2709 ipsisque
494 2633 638 2694 virtutum
666 2632 851 2707 rationibus,
887 2632 934 2692 vei
964 2634 1064 2709 potius
1094 2649 1162 2693 curn
1185 2632 1235 2691 his

123 2718 265 2781 rd'-.oam
292 2732 373 2794 quae
401 2718 481 2779 ultra
508 2718 566 2779 has
596 2724 660 2792 est,
693 2719 774 2779 etin
798 2733 888 2794 quam
911 2717 970 2778 hae
993 2725 1023 2780 et
1045 2720 1127 2780 unde
1151 2717 1234 2794 quod

123 2810 197 2867 suot
223 2804 354 2876 habant,
383 2804 672 2881 superessentialem
703 2806 867 2875 rationem,
901 2812 932 2864 et
961 2820 1040 2881 quoe
1067 2807 1233 2867 bonitatem

123 2890 260 2962 erudit,
275 2890 633 2968 incomprehensibiliter
655 2892 768 2952 evecti:
798 2896 828 2952 et
850 2907 957 2951 ornnes
981 2893 1072 2952 omni
1085 2897 1246 2967 quantum.

123 2994 191 3041 ox
178 2976 300 3041 'insita
311 2978 373 3039 ela
384 2977 518 3039 naturali
544 2980 695 3054 potestate
721 2977 821 3049 licuit,
853 2977 969 3037 aduniti
992 2982 1109 3038 tantum
1133 2977 1233 3053 quoad

123 3065 188 3129 dua
210 3062 282 3125 tisri
310 3064 409 3141 potuit
437 3065 476 3125 ab
506 3078 544 3123 eo
573 3063 736 3140 qualificati
765 3068 854 3145 sunt,
886 3068 921 3122 ot
943 3064 1035 3123 etiam
1057 3079 1077 3123 a
1099 3063 1164 3124 solo
1187 3063 1233 3122 in·

124 3150 327 3231 signirmtun
354 3150 438 3211 reiut
453 3150 629 3227 specularia
646 3150 851 3220 lucidissima,
883 3149 976 3210 totius
992 3149 1041 3210 dei
1059 3151 1235 3225 inspectan-

123 3238 168 3299 Μ.
181 3238 319 3301 sationis·
334 3238 468 3313 apociam
488 3236 582 3313 piene
604 3252 659 3313 per
679 3236 781 3297 divina
800 3235 867 3296 eius
885 3235 1017 3312 insignia
1036 3238 1248 3311 apparentem.

123 3322 289 3395 trtootss,
311 3339 349 3383 ao
361 3322 444 3399 qood
459 3323 575 3384 nullum
590 3323 629 3383 de
642 3322 775 3398 pristinis
791 3320 975 3400 signaculis,
1000 3321 1110 3395 quibus
1123 3319 1234 3379 hurua-

124 3424 197 3472 num
209 3408 404 3480 indicaretur,
425 3409 577 3486 reliquum
590 3415 666 3480 erat,
684 3410 722 3469 iis
734 3424 814 3484 qnae
829 3407 954 3470 meliora
969 3412 1040 3468 sunt
1055 3406 1233 3467 cedentibus

124 3497 283 3570 omnbus,
307 3495 462 3557 adinstar
479 3496 560 3557 aeris
576 3495 704 3558 illumini
721 3495 790 3557 luce
808 3494 987 3571 plenissimo
1005 3492 1157 3554 transfusi.

123 3622 394 3728 Contemplatio
416 3628 456 3703 in
480 3626 745 3711 Melchisedec..

229 3764 333 3839 Quod,
355 3770 445 3842 puto,
476 3767 558 3826 novit
580 3771 610 3826 et
632 3782 744 3842 passus
768 3771 814 3827 est
837 3765 1022 3827 admirabilis
1045 3764 1095 3824 ille
1118 3767 1148 3822 et
1169 3777 1235 3822 rna·

123 3868 209 3933 gnas-
226 3850 449 3923 Melchisedec,
478 3852 518 3911 de
540 3867 600 3928 quo
622 3868 736 3931 magna
759 3859 789 3913 et
812 3852 1002 3914 admirabilia
1022 3852 1053 3910 in
1076 3849 1234 3925 scripturis

123 3940 245 4003 Mnus
274 3952 375 3999 sermo
406 3946 545 4010 enarrat,
578 3939 658 4014 quod
688 3944 810 4015 tempus
841 3955 877 3999 ac
905 3944 1046 3999 naturorn
1070 3935 1234 4013 superavit,

123 4023 324 4103 depositio
350 4023 478 4085 'similari
501 4022 612 4102 dignus
634 4024 758 4087 habitus
782 4028 845 4099 eat,
876 4024 945 4085 talis
967 4023 1107 4084 videlicet
1128 4021 1234 4085 habitu

124 4110 298 4175 murmur
315 4110 459 4187 :gratiam
495 4111 595 4186 quoad
631 4112 728 4188 potuit
762 4110 863 4172 factus
893 4110 992 4186 qualis
1019 4110 1088 4185 ipse
1117 4108 1234 4186 gratiae

123 4196 213 4261 dator
227 4194 412 4259 secundum
441 4199 608 4258 essentiam
637 4214 709 4258 esse
739 4195 879 4257 creditur.
939 4195 1027 4269 Quod
1056 4196 1137 4255 enim
1168 4194 1234 4255 sine

123 4288 210 4362 patre
231 4289 262 4345 ct
283 4285 378 4343 matre
400 4286 431 4343 et
452 4283 519 4345 siae
543 4299 656 4363 genere
679 4286 836 4355 censetur,
866 4281 942 4343 nihil
962 4280 1044 4343 ahud
1064 4280 1235 4357 significare

123 4376 198 4447 puto
226 4380 320 4445 qaam
347 4382 427 4445 quae
455 4371 582 4450 contigit
604 4370 632 4431 ai
654 4386 692 4430 ex
715 4384 837 4432 summa
858 4372 980 4446 propter
1001 4368 1140 4429 virtutem
1164 4378 1234 4441 gro-

984 4453 1029 4515 8*
