2752 4778
1078 189 1152 263 405

28 373 221 433 vulneribus
258 374 309 448 qui
348 372 503 448 sauciatur
538 374 636 450 magis
667 373 780 450 gaudet
810 388 901 449 otram
934 375 981 448 qui
1012 375 1154 434 virtutum

30 460 150 536 gratiis
181 465 345 536 purgatur,
379 463 538 534 postquam
569 460 607 518 ob
637 459 762 520 multam
794 459 864 520 mali
893 460 1156 529 consuetudinem,

29 545 182 604 habiturn
211 544 379 621 assumpsit
406 545 435 602 in
465 550 623 621 peccatum
652 545 826 623 proclivem.
883 546 982 621 Atque
1012 546 1037 604 si
1066 562 1156 623 argu-

31 636 148 692 mento
178 647 234 691 suo
265 628 377 706 aliquid
407 630 532 706 dignum
563 630 676 693 habere
699 631 759 692 hae
782 633 979 708 quaestiones
1003 633 1087 691 vobis
1111 631 1156 690 vi-

28 716 214 787 debuntur,
246 723 276 776 et
306 716 386 790 quod
416 732 475 775 non
507 733 633 793 prorsus
663 735 681 778 a
710 718 835 779 veritate
858 718 989 778 alienum
1014 719 1067 791 sit,
1098 717 1156 777 deo

30 804 78 863 sit
112 805 228 881 gratio,
263 805 313 877 qul
336 803 480 863 humilem
511 801 559 884 (ut
588 805 680 865 etiam
703 804 762 864 hoc
785 805 889 865 ederet
912 803 1104 879 miraculum)
1127 810 1157 863 et

29 889 194 949 obiectam
220 894 351 949 mentem
374 886 554 949 illuminavit
577 895 607 948 et
629 896 731 966 aptum
757 892 900 951 orationis
923 890 1079 951 modulum
1104 905 1158 966 per

28 975 176 1053 gratiam
207 991 295 1036 suam
326 974 544 1050 suppeditavit,
583 984 615 1036 ut
645 976 723 1052 quod
755 977 893 1054 cogitatis
923 981 1105 1053 congrueret
1126 982 1156 1035 et

29 1066 288 1122 consentaneum
319 1066 401 1120 esset
428 1061 534 1122 litteris
566 1061 781 1124 rnandaremus
810 1065 840 1122 in
870 1069 1004 1122 vestrum
1035 1077 1156 1139 quoque

29 1146 239 1207 commodum
271 1149 319 1222 qai
351 1146 526 1207 mandatnm
552 1147 679 1208 dedistis
701 1155 731 1208 et
753 1151 962 1225 precationum
986 1154 1154 1208 vestrarum

29 1233 159 1294 arixilio
189 1238 283 1294 totum
313 1249 391 1308 opus
422 1234 616 1309 auspicaslis.
669 1235 725 1309 ,At
753 1237 843 1296 etiam
874 1236 899 1293 si
921 1251 1014 1311 provo
1037 1241 1067 1296 et
1091 1235 1156 1294 sine

30 1320 144 1379 fructu
175 1321 357 1393 averitate,
394 1322 457 1379 sive
486 1322 609 1380 ornnino
638 1321 703 1380 sive
734 1338 770 1380 cx
803 1328 905 1397 parte,
936 1323 1156 1381 oberraverirn‘

30 1403 205 1486 (inagnum
238 1407 316 1465 enirn
349 1411 379 1464 et
408 1405 542 1466 divinum
573 1407 602 1465 in
627 1406 686 1466 hac
710 1423 830 1482 quoque
854 1423 947 1468 causa
971 1408 1022 1467 tibi
1046 1407 1157 1482 Diony-

30 1493 124 1550 sium
156 1490 273 1566 profero
303 1490 562 1573 consolatorem),
599 1499 686 1566 ,tuae
715 1494 769 1568 sit,
804 1510 927 1570 precor,
958 1495 1156 1554 humanitatis

33 1576 197 1654 corrigere
226 1594 296 1637 eum
327 1578 379 1652 qui
408 1578 520 1638 invitus
550 1594 607 1638 uec
630 1585 738 1655 sponte
763 1597 820 1640 suo
842 1583 872 1640 in
896 1581 1066 1656 ignorantia
1091 1596 1158 1638 ver-

33 1668 146 1733 satur,
181 1667 210 1721 et
246 1663 283 1723 de
319 1670 420 1724 vestro
448 1665 600 1725 instruere
634 1681 702 1726 eum
736 1667 787 1740 qui
815 1668 922 1728 instrui
954 1672 984 1726 et
1013 1671 1099 1741 optat
1129 1671 1158 1725 et

34 1753 204 1827 precatur,
246 1755 336 1825 etque
366 1750 517 1826 praesidio
554 1767 625 1810 esse
656 1753 684 1811 ei
713 1754 759 1812 cui
791 1770 851 1811 non
882 1759 931 1814 sal
964 1753 1069 1813 virium
1101 1756 1157 1822 est,

35 1841 72 1896 et
106 1834 290 1895 medicinam
320 1835 439 1896 adlerre
471 1839 497 1896 ei
528 1839 579 1910 qui
609 1843 766 1916 aegrotare
795 1857 856 1900 non
886 1839 975 1912 vult‘,
1009 1844 1043 1899 ut
1066 1840 1156 1899 etlam

35 1922 106 1982 hoc
136 1937 204 1980 curn
234 1922 372 1995 reliquis,
403 1923 450 1981 vel
478 1923 578 1997 potius
607 1939 679 1997 prae
703 1925 844 1998 reliquis,
876 1925 1036 1985 donarium
1061 1924 1158 1984 hono-

37 2005 157 2079 rabile,
182 2009 324 2082 omnique
339 2007 485 2066 sacrificio
505 2010 723 2083 venerabilius,
748 2011 806 2069 deo
820 2009 1042 2070 humanitatem
1063 2011 1157 2070 sacri-

36 2093 201 2163 ticaveris,
231 2096 280 2168 qui
309 2095 339 2152 in
370 2094 455 2154 caelo
486 2099 516 2153 et
545 2095 573 2152 in
606 2101 686 2156 terra
708 2097 747 2155 ab
772 2097 853 2156 omni
877 2103 1017 2156 creatura
1038 2095 1158 2172 praedi-

35 2185 150 2251 catur,
163 2180 284 2322 lquique
307 2180 406 2242 solum
426 2196 444 2238 a
463 2181 550 2239 nobis
574 2181 707 2255 postulat
731 2181 911 2242 sacrificium
933 2182 1155 2242 hunrenitatem

37 2281 119 2342 erga
143 2281 228 2325 aros.
