2752 4778
1101 187 1173 269 268
1213 204 1221 218 ’

57 363 166 419 motus
196 371 256 417 sua
285 357 367 433 apud
398 374 455 417 nos
486 360 665 434 apparentia
694 360 846 436 perfectus
877 364 968 426 homo
998 369 1096 431 iactus
1120 378 1177 444 est,

53 442 148 529 ‚nullo
180 448 279 505 tamen
307 443 398 503 mado
428 444 466 503 dc
495 450 594 505 semet
621 445 689 521 ipso
719 452 835 522 motus,
877 452 1052 531 nullumque
1086 458 1177 533 plane

56 528 172 591 localis
201 530 487 605 circumscriptionis
518 529 683 607 periculum
714 540 874 609 expertus,
910 544 1002 615 atque
1029 559 1087 603 nos
1110 561 1176 620 per.

57 617 143 679 tecte
165 614 332 689 deificavit,
364 615 437 674 nihil
460 618 583 677 omnino
606 623 729 678 nostrae
754 626 881 682 naturae
905 624 943 684 de
965 627 1176 691 immutatione

57 702 278 778 intercipiens,
306 706 461 777 totumque
491 720 528 763 ao
550 704 640 778 plene
663 720 697 762 se
719 706 845 768 tradens
869 715 899 768 et
919 716 1015 773 totum
1040 715 1078 775 de
1100 718 1175 777 inei-

57 788 145 851 iabili
175 788 382 862 inviolataque
412 790 525 850 unione
554 789 676 866 plenum
708 790 860 853 hominem
892 811 1018 858 sumens
1041 801 1116 861 nihil
1138 804 1176 864 de

57 876 159 937 altera
181 874 366 951 perfectione
389 875 542 951 diminuit,
568 882 598 935 et
620 893 727 936 revera
750 884 798 940 est
819 885 901 941 totus
925 883 1002 944 deus
1025 886 1122 959 idem,
1145 896 1176 951 et

57 967 145 1023 totus
169 960 261 1021 homa
283 961 378 1035 idem,
410 962 480 1021 dum
504 963 663 1037 utriusque
686 980 790 1025 eorum
814 968 843 1024 in
867 970 976 1043 quibus
999 989 1107 1034 revera
1129 983 1177 1036 est

56 1048 325 1109 consummatione
355 1048 476 1108 sibimet
507 1048 683 1109 testificatur
713 1053 872 1127 utriusque
901 1056 1174 1122 immutabilitatem

56 1140 152 1209 atque
182 1133 397 1194 constantiam.
450 1131 499 1193 Sic
528 1134 605 1194 dens
630 1135 716 1195 solvit
740 1136 825 1214 leges
849 1145 994 1214 naturae,
1025 1145 1097 1206 dum
1121 1164 1174 1207 su-

56 1219 296 1298 pernaturaliter
317 1220 346 1279 in
373 1220 563 1280 naturalibus
587 1223 681 1281 utitur
704 1229 821 1284 natura.

55 1476 147 1551 Alia
184 1477 460 1575 contemplatio,
501 1477 539 1549 in
568 1476 684 1569 titud,
725 1472 1000 1569 ,consummari
1033 1490 1173 1580 oporiet

55 1640 59 1648 .
112 1580 296 1653 mundum
319 1583 570 1678 superiorem‘

159 1740 197 1803 ‚Si
226 1744 317 1820 igitur
339 1742 493 1814 Christus,
528 1751 561 1804 ut
583 1744 692 1816 horno,
721 1744 864 1806 delibatio
887 1753 1011 1811 nostrae
1034 1754 1174 1828 naturae,

55 1838 98 1891 et.
119 1831 208 1907 quasi
229 1829 411 1890 fermentum
435 1830 527 1889 totins
552 1846 675 1892 massae
698 1833 778 1906 apud
802 1833 893 1893 deum
917 1850 954 1894 ac
976 1840 1092 1909 patrem
1116 1843 1172 1911 est,

43 1918 108 1977 'est
130 1933 203 1977 vero
225 1916 308 1993 apud
332 1914 421 1974 deum
446 1933 483 1976 ao
505 1923 623 1992 patrem
647 1919 816 1978 secundum
838 1919 1033 1979 humanitatis
1053 1922 1174 1996 opinio-

57 2018 128 2063 nem
158 2005 185 2063 is
215 2005 264 2078 qni
295 2017 450 2076 nunqnam
480 2003 518 2061 de
542 2020 600 2062 sua
622 2005 650 2061 in
676 2010 761 2078 patre
784 2005 937 2064 soliditate
960 2008 1108 2081 excessit,
1139 2014 1173 2068 ut

56 2104 176 2160 sermo,
206 2105 245 2148 ne
273 2089 466 2166 ambigamus
496 2090 584 2163 quin,
616 2089 787 2149 secandam
817 2092 913 2166 ipsius
944 2091 1024 2167 apud
1054 2099 1170 2167 patrem

56 2176 251 2253 petitionem,
283 2193 339 2234 nos
370 2175 459 2252 futuri
481 2177 577 2235 simus
601 2177 651 2235 ubi
673 2177 741 2251 ipse
764 2182 811 2236 est
833 2178 929 2236 nostri
953 2179 1073 2254 generis
1098 2178 1172 2238 deli-

57 2264 151 2324 batio.
197 2259 461 2335 Quemadmodum
485 2262 563 2321 enim
587 2268 708 2336 propter
731 2279 788 2321 nos
809 2261 968 2322 descendit
985 2265 1172 2335 immutatus,

57 2354 89 2409 et
115 2348 209 2408 homo
238 2347 277 2408 ad
306 2349 399 2408 nostri
429 2349 524 2408 instar
547 2349 644 2408 tactus
669 2355 716 2408 est
739 2354 858 2423 praeter
879 2349 975 2410 ullum
999 2354 1170 2425 peccatum,

56 2440 220 2513 postquam
249 2434 466 2494 admirabiliter
495 2433 585 2493 solvit
614 2435 700 2512 leges
731 2441 873 2511 naturae,
903 2437 946 2495 ita
970 2452 1025 2495 nos
1048 2451 1170 2512 quoque

56 2525 282 2597 consequenter
311 2537 364 2596 per
388 2537 457 2580 cum
481 2520 702 2596 ascehdchS,
734 2521 782 2581 dei
806 2521 913 2596 iniuri,
943 2528 978 2582 ut
998 2523 1064 2596 ilie,
1099 2539 1171 2600 gra-

56 2608 118 2668 tiae
148 2609 307 2685 mysterio,
341 2607 474 2681 nihilque
504 2613 644 2666 naturam
676 2612 818 2668 nostram·
843 2609 965 2667 omnino
998 2610 1170 2670 immutabi-

58 2711 134 2756 mur.
188 2695 287 2768 Atque
314 2696 372 2764 ita,
404 2694 571 2753 secundum
602 2695 769 2767 sapientem
800 2697 997 2771 magistrum,
1033 2697 1170 2771 superior

57 2796 165 2841 rursus
189 2778 323 2854 repletur
346 2779 494 2852 mundas,
528 2782 669 2840 membris
694 2782 829 2856 corporis
853 2799 890 2840 ex
914 2780 1062 2859 dignitate
1079 2787 1169 2858 atque

57 2866 166 2927 merito
189 2866 226 2926 ad
250 2873 343 2940 caput
365 2867 575 2942 congregatis,
610 2867 747 2927 nimimm
771 2884 838 2927 cum
863 2885 953 2928 suum
974 2870 1169 2943 unumquod-

57 2968 119 3029 que
146 2955 313 3014 membrum
344 2969 398 3028 pro
431 2953 548 3012 virtutis
578 2969 654 3012 suae
682 2955 905 3029 propinquitate
936 2957 1168 3015 convenientem

12 3092 18 3111 ,
56 3040 114 3101 sibi
144 3039 245 3099 locum
273 3055 328 3115 per
357 3039 480 3114 spiritus
510 3038 758 3099 architectoniam
789 3046 992 3116 congruenter
1021 3043 1167 3114 obtineat,

55 3132 151 3202 atque
181 3127 247 3185 eius
278 3127 326 3199 qui
355 3141 410 3201 per
437 3126 582 3184 uniuersa
610 3126 638 3182 in
668 3127 820 3186 universis
850 3126 1019 3201 completus
1043 3133 1072 3185 et
1095 3143 1168 3185 con·

55 3217 230 3275 summutas
261 3219 309 3272 est
337 3212 463 3286 corpu's,
499 3211 578 3285 quod
608 3212 750 3271 universa
779 3211 881 3286 explet
903 3216 933 3271 et
955 3228 993 3271 ex
1015 3213 1167 3271 universis

54 3298 200 3375 expietur
228 3298 388 3374 compleat·
443 3296 549 3371 ltaque
578 3299 658 3371 sive,
694 3303 729 3357 ut
759 3297 872 3357 dictum
900 3304 963 3372 est,
998 3297 1166 3358 secundum

54 3384 247 3463 spiritualem
278 3400 382 3443 eorum
412 3385 463 3457 qui
492 3399 546 3458 par
569 3383 719 3443 Christum
749 3390 934 3460 generantur
962 3385 1168 3463 regeneratio-

55 3489 147 3547 nem,
179 3471 244 3530 sive
274 3470 443 3530 secundum
472 3472 629 3546 mysticam
661 3486 740 3545 quae
763 3472 793 3529 in
814 3470 931 3530 Christo
956 3476 986 3530 ct
1007 3486 1062 3544 per
1084 3470 1167 3529 Chri-

53 3566 141 3620 stum
163 3556 243 3617 iacta
265 3562 312 3616 cst
334 3558 362 3615 in
388 3556 473 3616 caeto
497 3572 692 3617 numerorum
714 3557 927 3632 repletionem,
957 3556 988 3614 id
1011 3561 1057 3616 est
1076 3555 1169 3615 divini

53 3643 252 3707 rationalium
280 3644 382 3703 avium
413 3645 598 3722 centuriam,
631 3649 661 3702 et
682 3643 930 3704 intellectualium
953 3642 1167 3702 drachmarum

54 3732 207 3808 mysticae
230 3725 371 3800 decadis,
400 3729 579 3789 altiliorum
603 3729 790 3790 honoritieae
812 3729 936 3806 dyadis,
971 3730 1036 3789 sive
1059 3744 1169 3788 secun-

54 3818 133 3879 dum
160 3817 363 3876 membrorum
393 3817 527 3891 corporis
551 3816 590 3875 ad
613 3817 766 3891 proprium
790 3822 932 3891 caputet
954 3815 993 3874 ad
1016 3816 1168 3891 propriam

54 3903 275 3967 delibationem
306 3917 430 3964 massae
453 3903 736 3979 congregationem,
765 3903 903 3977 superior
932 3901 1064 3962 mundus
1087 3917 1171 3961 com·

55 3990 191 4069 plebitur
220 3988 312 4064 plane
342 3989 511 4048 secundum
542 3989 739 4065 magistrum,
774 3989 942 4065 completus
964 3991 1023 4049 iarn
1048 3987 1170 4064 quidem

55 4080 88 4139 in
114 4074 249 4148 Christo,
280 4074 478 4151 complendus
509 4091 580 4134 vero
604 4090 711 4134 rursus
733 4080 843 4151 postea
863 4076 893 4133 in
918 4075 962 4135 eis
985 4074 1037 4150 qui
1059 4090 1172 4136 secun-

55 4164 134 4226 dum
164 4161 315 4222 Christum
348 4164 434 4236 sunt,
467 4161 518 4220 ubi
546 4160 720 4221 coalescent
749 4177 819 4222 cum
848 4178 885 4222 eo
908 4167 953 4232 et,
987 4161 1037 4236 qui
1064 4162 1171 4224 mortis

56 4250 127 4311 eius
157 4247 352 4309 similitudine
382 4248 505 4307 easdem
536 4248 699 4323 passiones
728 4228 788 4308 iafn
821 4252 893 4308 sunt
916 4249 1047 4323 experti,
1080 4250 1171 4310 etiam

58 4334 293 4398 resurrectionis
318 4335 384 4394 eius
407 4334 480 4394 fient
501 4335 675 4410 participes.
