2752 4778
234 223 306 304 020

70 433 120 475 ιιι.
134 429 227 475 ιητεαι
235 407 417 509 συνήγορόν
434 431 467 471 τε
489 410 542 470 καὶ
564 402 758 469 διδάσκαλον
786 399 1062 486 ἀπαραλόγιστοι,
1103 398 1167 465 τόν
1190 399 1332 483 γενόμενα

234 493 364 575 ἀληθῶς
395 491 585 599 ἀνθρωπον,
617 495 676 597 καὶί
702 488 755 568 τῆν
784 487 881 572 φύσιν
908 493 1034 563 τελείως
1056 486 1253 573 6'6060066'
1229 491 1332 590 αμστῆ

234 577 317 649 εἶναι
340 575 418 645 κατά
441 576 496 656 τῆν
518 581 638 660 γένεσιν
660 571 702 659 66
706 580 863 642 ίστασθαι
885 570 959 638 δι’ι
947 598 1062 638 εαυτου
1046 572 1334 657 βεβαιωσάμενον,

234 673 288 735 καὶ
315 665 416 771 μόνην
444 661 718 745 καινοτομῆσαντα
743 658 797 740 τῆν
819 666 1027 743 καινοτομίαν
1051 665 1106 739 τῆς
1132 658 1279 744 φύσεως,
1302 663 1335 723 λε’·

234 778 279 836 γω
307 748 344 832 66
374 747 429 828 τῆν
459 747 511 814 ιλιά
535 752 660 832 σπορᾶς
682 747 838 829 σύλληψιν
859 752 913 811 καὶ
934 744 990 827 τῆν
1013 744 1067 852 ιλιρὶ
1092 750 1235 851 φθοράς
1256 748 1336 828 γε’ννη

235 864 304 915 σιν,
341 837 439 918 ἀςπερ
469 827 486 914 ῆ
518 834 614 919 φύσις
641 832 719 917 μετὰ
749 832 803 911 τῆν
832 831 1061 916 παράβασιν
1042 830 1280 912 επεσπάσατο,
1303 836 1337 908 τῆς

234 923 367 999 θείας’
346 925 559 988 αποπεσοῆσα
578 926 632 985 καὶ
650 923 860 1000 πνευματικῆς
876 919 923 994 είς
939 922 1067 1027 πλῆθος
1085 917 1272 998 αάξῆσεως,
1291 913 1338 981 ἀλί

235 1008 273 1077 ού
288 1008 343 1074 τόν
357 1008 503 1120 λόγον
468 1034 520 1087 της
537 1005 662 1091 φύσεως
680 1001 794 1071 καθ’“
774 1031 811 1069 ον
832 1004 903 1070 ἐστί
921 1029 952 1069 τε
969 1031 1023 1068 και
1015 1009 1204 1114 γίνεσθαι
1223 1007 1357 1090 πέφυκεν,

234 1097 356 1183 ἀμα
324 1100 366 1159 τά
388 1088 470 1160 εἶναι
493 1093 526 1158 ἐκ
549 1096 651 1178 ψυχῆς
671 1087 836 1173 λογικῆς
823 1093 1014 1174 υφισταμὲνη
1037 1097 1094 1154 καί
1118 1089 1286 1174 στόματος.
1356 1098 1359 1103 ’

239 1275 332 1371 Περὶ
360 1282 428 1348 τοῦ
458 1282 535 1354 πῶς
564 1274 784 1368 καινοτομία
819 1273 962 1374 γίνεται
992 1282 1071 1346 τῶν
1104 1301 1356 1369 καινοτόμον,

284 1378 410 1473 μένων
444 1376 676 1476 πραγμάτων
710 1376 901 1470 μενόντων
926 1375 1131 1472 ’ἀτρίπτων
1163 1375 1263 1452 κατὰ
1288 1376 1339 1473 τῆν

287 1478 414 1579 φύσιν.

342 1614 440 1676 Πᾶσα
468 1609 528 1693 γάρ
556 1611 701 1675 καθόλου
732 1610 831 1714 φάναι
860 1616 1050 1694 καινοτομία
1086 1617 1168 1722 περὶ
1202 1612 1258 1678 τόν
1285 1611 1342 1697 166·

235 1723 299 1762 πον
327 1700 384 1762 τού
410 1702 700 1801 καινοτομουμένου
729 1694 913 1781 πράγματος
934 1700 1091 1804 πέφυκεν,
1125 1695 1201 1762 ἀλλ’
1226 1695 1264 1764 06
1284 1704 1342 1782 περί

238 1781 292 1848 τόν
319 1781 417 1865 λόγον
438 1786 491 1860 τῆς
514 1780 638 1865 φύσεως
655 1787 825 1890 γίνεσθαι,
861 1779 1016 1892 διόπερ
998 1808 1016 1846 ο
1038 1788 1099 1866 μὲν
1122 1784 1229 1866 λόγος
1249 1810 1342 1894 κατιρ-

236 1868 433 1972 τομούμενος
468 1872 598 1976 φθείρει
632 1869 686 1947 τῆν
719 1868 832 1976 φύσιν,
869 1865 924 1933 ούκ
953 1869 1092 1953 ἔχουσαν
1122 1868 1189 1934 τόν
1217 1868 1332 1937 καθΜ
1317 1897 1343 1937 ω

237 1955 305 2022 ἐστι
341 1952 438 2038 λόγον
475 1951 744 2062 ἀραόιούργητον,
786 1951 803 2019 6
839 1959 873 2020 66
910 1955 1026 2039 τρόπος
1061 1958 1343 2058 καινοτομούμενα

237 2043 473 2145 φυλαττομένου
505 2039 620 2120 όηλαόῆ
643 2044 701 2105 τού
723 2038 801 2105 κατά
825 2040 921 2150 φύσιν
942 2040 1039 2148 λόγου
1063 2041 1244 2125 θαύματος
1265 2045 1344 2110 ἐνδεί-

237 2154 344 2195 κνυται
374 2125 531 2234 όύναμιν,
553 2121 596 2202 ὡς
624 2125 679 2205 τῆν
707 2127 804 2210 φύσιν
816 2127 1049 2232 ἐνεργουμένην
1072 2152 1105 2193 τε
1128 2135 1189 2193 καὶ
1215 2129 1344 2214 ἐνεργοί»

235 2240 295 2281 σαν
323 2209 403 2321 6666
434 2211 490 2277 τόν
519 2210 629 2290 ἑαυτῆς
656 2209 844 2290 ἀποδεικνύς
872 2212 1018 2291 δηλονότι
1047 2212 1195 2296 θεσμόν.
1247 2219 1344 2300 Λόγος

235 2305 270 2366 66
300 2297 427 2384 φύσεως
454 2297 658 2410 ἀνθρωπίνης
686 2298 811 2363 ἐστὶ
777 2325 813 2364 το
835 2298 937 2410 φυχῆγ
958 2304 1013 2364 καὶ
1035 2303 1131 2382 σῶμα
1156 2308 1216 2367 καί
1239 2303 1344 2413 6106»-

234 2390 292 2470 666
320 2388 448 2468 λογικῆς
474 2378 556 2449 εἶναι
587 2382 641 2462 τῆν
670 2385 768 2467 φύσιν
797 2391 850 2449 καὶ
873 2385 1045 2493 σώματος,
1076 2384 1205 2469 τρόπος
1227 2387 1301 2457 δὲ
1284 2418 1302 2469 η
1319 2388 1370 2459 ίν,

237 2476 279 2558 τῷ
303 2470 440 2554 ἐνεργεῖν
461 2476 514 2536 καὶ
538 2470 738 2578 ἐνεργεῖσθαι
762 2479 905 2555 φυσικῶς
926 2470 1044 2547 τάξις
1030 2478 1135 2550 εστίν,
1161 2471 1343 2561 ἀμειβομένη

237 2583 269 2623 τε
296 2559 451 2632 πολλάκις
480 2563 534 2622 καὶ
564 2553 789 2641 ἀλλοιουμένη,
817 2556 871 2637 τῆν
897 2563 931 2622 66
954 2555 1051 2641 φύσιν
1074 2557 1174 2666 ἑαυτῆ
1188 2566 1344 2670 παντελεῖς

238 2640 275 2708 06
297 2649 541 2748 συναμείβουσα.
589 2642 749 2726 Καθάπερ
773 2649 827 2707 καὶ
850 2640 896 2708 ἐπ’
921 2641 1019 2708 ἀλλον
1041 2643 1168 2721 παντός
1186 2646 1258 2757 ἔχει
1275 2648 1343 2755 πρό

236 2754 372 2813 γματος,
407 2724 497 2805 ῆνίκα
530 2735 673 2793 καινίσαι
702 2756 732 2792 τι
759 2734 836 2813 περὶ
865 2728 919 2808 τῆν
947 2729 1060 2796 ἑαυτοῦ
1089 2736 1202 2799 κτίσιν
1232 2731 1251 2800 6
1280 2732 1344 2807 θεός

235 2817 380 2902 βουληθῆ
407 2821 563 2894 προνοίας
593 2813 694 2880 ἕνεκεν
725 2819 785 2878 τῶν
814 2819 1075 2898 προνοουμένων,
1107 2822 1166 2883 καί
1198 2819 1345 2899 ἐνδείξεως

237 2903 291 2978 τῆς
313 2898 365 2963 ἐπὶ
388 2898 489 2963 πάντα
512 2906 565 2965 καὶ
588 2899 640 2964 διά
670 2899 795 2966 πάντων
821 2900 988 2980 ιλιηκούσης
1019 2901 1196 2986 δυνάμεως.
1242 2907 1344 3012 Ὥςτιρ

238 2983 347 3068 ἀμέλει
374 2989 646 3067 παραδοξοιιοιάν
674 2997 740 3062 ταῖς
769 2984 923 3052 ἀνέκαθεν
953 2991 1014 3052 τῶν
1042 2989 1228 3073 θαυμάτων
1250 3018 1284 3059 τε
1302 2997 1344 3058 καί

238 3078 375 3182 σημείων
395 3071 619 3176 μεγαλειότησι
641 3080 849 3156 καινοτομίας
870 3073 955 3181 λόγῳ
977 3080 1153 3179 πεποίηκε,
1184 3076 1271 3162 πρός
1291 3079 1345 3145 80·

238 3183 296 3244 ρον
322 3151 407 3234 εἶδος
437 3160 514 3237 ζωῆς
534 3155 621 3241 παρά
646 3157 681 3223 τό
705 3158 738 3223 ἐν
756 3165 855 3268 σαρκὶ
879 3165 915 3249 τῆ
938 3157 999 3224 ύπό
1023 3160 1159 3245 φθοράν
1181 3163 1345 3277 μεταβιβά·

238 3269 297 3319 σας
326 3242 382 3308 τόν
408 3241 505 3329 Ἐνιόχ
533 3269 565 3308 τε
595 3251 648 3308 καὶ
677 3243 732 3308 τόν
756 3241 872 3311 Ηλίαν
901 3247 973 3321 τούς
992 3255 1197 3352 μακαρίους,
1232 3249 1271 3317 06
1291 3276 1338 3317 και

77 3365 124 3404 006
139 3327 412 3403 ηυηη,ἀλλοίωσιν
441 3330 579 3415 φύσεως,
613 3325 692 3394 ἀλλὰ
722 3357 801 3395 κατα
791 3329 826 3414 Ι
846 3329 1052 3416 παραλλαγὴν
1080 3338 1134 3413 τῆς
1164 3334 1234 3402 κατ’
1263 3334 1343 3415 αύτῆι

238 3412 360 3500 ἀγωγῆς
381 3422 435 3481 καὶ
459 3416 658 3496 διοικήσεως,
688 3417 823 3502 6666'
795 3444 840 3495 εις
863 3417 1026 3484 ἐπίκλισιν
1048 3424 1111 3484 τῶν
1133 3420 1192 3486 ἐπὶ
1218 3428 1275 3507 γῆς
1295 3449 1344 3507 μο-

237 3507 369 3586 χθηράν
391 3496 570 3586 ἀνθρώπων
591 3508 756 3568 καθιστάν
778 3508 822 3590 τιό
850 3509 943 3569 ποσά
967 3505 1281 3588 πολλαπλάσιον,
1267 3512 1343 3597 εκτῆ

152 3620 154 3624 ·
239 3593 363 3673 κιβωτῶ
383 3587 461 3672 μετά
484 3583 648 3697 θηρίων
629 3596 748 3673 αγρίων
770 3586 959 3698 ἀποφαίνων
983 3590 1037 3655 τόν
1055 3596 1192 3701 πρῶτον
1208 3600 1343 3705 πλμτῆρι
1368 3630 1374 3635 ·

240 3673 314 3739 Νῶε
338 3674 503 3738 δίαιταν”
484 3701 568 3758 εχειν
590 3672 649 3739 ἀλύ
648 3702 784 3759 μαντον,
800 3673 949 3782 Αβραάμ
972 3682 1026 3741 καὶ
1033 3674 1182 3786 Σάρραν
1206 3682 1279 3759 τοὺς
1296 3707 1342 3785 με·

238 3760 353 3844 γάλους
382 3757 479 3825 αύτοῆ
507 3760 709 3865 θεράποντας
736 3766 829 3827 παιδὶ
852 3768 950 3846 τιμάν
971 3787 1035 3843 παρ
1068 3760 1203 3842 ῆλικίαν
1225 3776 1278 3833 καὶ
1297 3765 1341 3832 τόν

239 3852 464 3930 νενομισμένον
480 3844 573 3952 πρός
601 3848 862 3913 παιόοποιίαν’
842 3875 919 3936 ορον
941 3873 973 3912 τε
995 3856 1049 3914 καὶ
1068 3850 1206 3962 γρόνον
1219 3855 1273 3935 τῆς
1292 3851 1340 3940 φί·

239 3958 333 4014 σεως,
361 3939 424 4016 πῦρ
455 3930 508 4012 τῆν
537 3933 589 3997 ἐπὶ
619 3933 656 3996 τὰ
685 3934 769 3999 κάτω
799 3909 968 4000 ποιεῖσθαι
992 3933 1102 4042 φοράν
1121 3937 1170 4014 εἷς
1191 3938 1340 4006 ἐπίκλησιν

239 4015 362 4100 ἀσεβῶν
384 4020 646 4102 παρασκευάζων,
681 4017 750 4085 060³
774 4021 856 4124 όλως
876 4024 933 4086 τού
954 4019 1033 4085 κατά
1057 4020 1158 4130 φύσιν
1182 4026 1224 4091 λό
1224 4054 1281 4111 γου
1299 4022 1341 4090 διό

240 4109 333 4169 τούτο
362 4104 569 4213 μειούμενον,
599 4110 651 4185 τῆς
671 4105 770 4188 βάτου
792 4111 854 4188 πύρ
878 4105 1040 4182 ἀκαύστως
1063 4055 1264 4184 ἐξάπτωνγ’
1236 4138 1280 4189 εις
1298 4111 1339 4189 ιῆι

240 4194 296 4254 τού
318 4189 518 4276 θεράποντος
538 4191 746 4276 πρόςκλησιν,
770 4192 891 4277 ύδωρ
878 4219 911 4258 εν
932 4192 1087 4281 Αἰγύπτῳ
1111 4196 1199 4282 πρός
1221 4201 1339 4310 αἵματός

239 4277 441 4357 μεταβάλλων
463 4278 633 4357 ποιότητα,
657 4277 710 4358 τῆν
733 4278 829 4363 φύσιν
851 4276 946 4345 αύτου
932 4258 1132 4358 ”παντελιύς
1151 4283 1198 4367 μῆ
1223 4283 1338 4385 ῆρνημὲ·

240 4387 309 4444 νον,
340 4363 422 4448 6666
445 4373 556 4448 μεῖναν
578 4362 656 4429 κατά
679 4364 774 4450 φύσιν
797 4371 850 4429 καὶ
873 4365 950 4448 μετὰ
972 4364 1026 4444 τῆν
1049 4371 1213 4455 φοίνιξιν,
1241 4377 1291 4439 καί
1307 4365 1336 4434 τό
