<?xml version="1.0" encoding="UTF-8"?>
<!DOCTYPE html PUBLIC "-//W3C//DTD XHTML 1.0 Transitional//EN"
    "http://www.w3.org/TR/xhtml1/DTD/xhtml1-transitional.dtd">
<html xmlns="http://www.w3.org/1999/xhtml" xml:lang="en" lang="en">
 <head>
  <title>
</title>
<meta http-equiv="Content-Type" content="text/html;charset=utf-8" />
  <meta name='ocr-system' content='tesseract 3.04.00' />
  <meta name='ocr-capabilities' content='ocr_page ocr_carea ocr_par ocr_line ocrx_word'/>
</head>
<body>
  <div class='ocr_page' id='page_1' title='image "./sanctipatrisnos00maxigoog_0336.png"; bbox 0 0 2752 4778; ppageno 0'>
   <div class='ocr_carea' id='block_1_1' title="bbox 1169 196 1249 283">
    <p class='ocr_par' dir='ltr' id='par_1_1' title="bbox 1169 196 1249 283">
     <span class='ocr_line' id='line_1_1' title="bbox 1169 196 1249 283; baseline 0.013 -3"><span class='ocrx_word' id='word_1_1' title='bbox 1169 196 1249 283; x_wconf 78' lang='lat' dir='ltr'>&#39;noi</span> 
     </span>
    </p>
   </div>
   <div class='ocr_carea' id='block_1_2' title="bbox 120 385 1289 4440">
    <p class='ocr_par' dir='ltr' id='par_1_2' title="bbox 120 385 1289 4440">
     <span class='ocr_line' id='line_1_2' title="bbox 138 385 1253 464; baseline -0.001 -15"><span class='ocrx_word' id='word_1_2' title='bbox 138 404 213 449; x_wconf 88' lang='lat' dir='ltr'>cum</span> <span class='ocrx_word' id='word_1_3' title='bbox 231 385 545 449; x_wconf 78' lang='lat' dir='ltr'>bomine‘secundum</span> <span class='ocrx_word' id='word_1_4' title='bbox 569 386 690 447; x_wconf 91' lang='lat' dir='ltr'>vitalem</span> <span class='ocrx_word' id='word_1_5' title='bbox 712 388 949 448; x_wconf 85' lang='lat' dir='ltr'>insufflationem</span> <span class='ocrx_word' id='word_1_6' title='bbox 973 386 1149 464; x_wconf 81' lang='lat' dir='ltr'>deductus,</span> <span class='ocrx_word' id='word_1_7' title='bbox 1171 387 1253 451; x_wconf 89' lang='lat' dir='ltr'>unde</span> 
     </span>
     <span class='ocr_line' id='line_1_3' title="bbox 139 472 1253 552; baseline -0.002 -16"><span class='ocrx_word' id='word_1_8' title='bbox 139 474 193 536; x_wconf 92' lang='lat' dir='ltr'>dei</span> <span class='ocrx_word' id='word_1_9' title='bbox 220 476 386 552; x_wconf 80' lang='lat' dir='ltr'><strong>imaginem</strong></span> <span class='ocrx_word' id='word_1_10' title='bbox 417 476 543 543; x_wconf 92' lang='lat' dir='ltr'>nactus,</span> <span class='ocrx_word' id='word_1_11' title='bbox 576 479 610 533; x_wconf 92' lang='lat' dir='ltr'>ut</span> <span class='ocrx_word' id='word_1_12' title='bbox 638 472 746 545; x_wconf 91' lang='lat' dir='ltr'>homo,</span> <span class='ocrx_word' id='word_1_13' title='bbox 776 476 948 535; x_wconf 90' lang='lat' dir='ltr'>iuvenalem</span> <span class='ocrx_word' id='word_1_14' title='bbox 978 476 1110 536; x_wconf 89' lang='lat' dir='ltr'>servavit</span> <span class='ocrx_word' id='word_1_15' title='bbox 1132 491 1253 552; x_wconf 81' lang='lat' dir='ltr'><strong>semper</strong></span> 
     </span>
     <span class='ocr_line' id='line_1_4' title="bbox 137 560 1253 641; baseline 0 -20"><span class='ocrx_word' id='word_1_16' title='bbox 137 560 314 641; x_wconf 85' lang='lat' dir='ltr'>libertatem</span> <span class='ocrx_word' id='word_1_17' title='bbox 337 565 368 619; x_wconf 92' lang='lat' dir='ltr'>et</span> <span class='ocrx_word' id='word_1_18' title='bbox 390 560 613 634; x_wconf 88' lang='lat' dir='ltr'>inpeccantiam</span> <span class='ocrx_word' id='word_1_19' title='bbox 636 561 827 621; x_wconf 91' lang='lat' dir='ltr'>inviolatam:</span> <span class='ocrx_word' id='word_1_20' title='bbox 857 564 1056 638; x_wconf 77' lang='lat' dir='ltr'>generatione</span> <span class='ocrx_word' id='word_1_21' title='bbox 1079 566 1180 623; x_wconf 85' lang='lat' dir='ltr'>autern</span> <span class='ocrx_word' id='word_1_22' title='bbox 1203 578 1253 621; x_wconf 90' lang='lat' dir='ltr'>se·</span> 
     </span>
     <span class='ocr_line' id='line_1_5' title="bbox 137 644 1253 727; baseline 0 -20"><span class='ocrx_word' id='word_1_23' title='bbox 137 647 278 709; x_wconf 85' lang='lat' dir='ltr'>cundum</span> <span class='ocrx_word' id='word_1_24' title='bbox 307 646 547 727; x_wconf 73' lang='lat' dir='ltr'>incarnationem</span> <span class='ocrx_word' id='word_1_25' title='bbox 569 644 701 705; x_wconf 88' lang='lat' dir='ltr'>hominis</span> <span class='ocrx_word' id='word_1_26' title='bbox 727 648 860 722; x_wconf 87' lang='lat' dir='ltr'>interitui</span> <span class='ocrx_word' id='word_1_27' title='bbox 882 649 1005 708; x_wconf 89' lang='lat' dir='ltr'>obnoxii</span> <span class='ocrx_word' id='word_1_28' title='bbox 1027 647 1253 726; x_wconf 83' lang='lat' dir='ltr'>similitudinem</span> 
     </span>
     <span class='ocr_line' id='line_1_6' title="bbox 137 732 1254 813; baseline -0.004 -16"><span class='ocrx_word' id='word_1_29' title='bbox 137 738 254 811; x_wconf 79' lang='lat' dir='ltr'>sponte</span> <span class='ocrx_word' id='word_1_30' title='bbox 284 734 313 792; x_wconf 94' lang='lat' dir='ltr'>in</span> <span class='ocrx_word' id='word_1_31' title='bbox 338 732 438 792; x_wconf 90' lang='lat' dir='ltr'>servili</span> <span class='ocrx_word' id='word_1_32' title='bbox 461 733 597 808; x_wconf 79' lang='lat' dir='ltr'>suscepit</span> <span class='ocrx_word' id='word_1_33' title='bbox 618 732 715 793; x_wconf 89' lang='lat' dir='ltr'>forma</span> <span class='ocrx_word' id='word_1_34' title='bbox 737 734 915 813; x_wconf 75' lang='lat' dir='ltr'>eisdemque</span> <span class='ocrx_word' id='word_1_35' title='bbox 937 751 1007 795; x_wconf 90' lang='lat' dir='ltr'>cum</span> <span class='ocrx_word' id='word_1_36' title='bbox 1030 733 1254 795; x_wconf 82' lang='lat' dir='ltr'>nobis&#39;affeoti·</span> 
     </span>
     <span class='ocr_line' id='line_1_7' title="bbox 136 819 1279 897; baseline 0.002 -14"><span class='ocrx_word' id='word_1_37' title='bbox 136 822 201 883; x_wconf 88' lang='lat' dir='ltr'>bus</span> <span class='ocrx_word' id='word_1_38' title='bbox 232 819 424 881; x_wconf 91' lang='lat' dir='ltr'>naturalibus</span> <span class='ocrx_word' id='word_1_39' title='bbox 454 820 613 879; x_wconf 89' lang='lat' dir='ltr'>subiacere</span> <span class='ocrx_word' id='word_1_40' title='bbox 643 825 763 894; x_wconf 90' lang='lat' dir='ltr'>praeter</span> <span class='ocrx_word' id='word_1_41' title='bbox 792 828 950 896; x_wconf 91' lang='lat' dir='ltr'>peccatum</span> <span class='ocrx_word' id='word_1_42' title='bbox 979 827 1126 897; x_wconf 87' lang='lat' dir='ltr'>tanquam</span> <span class='ocrx_word' id='word_1_43' title='bbox 1159 823 1279 885; x_wconf 89' lang='lat' dir='ltr'>obno·.</span> 
     </span>
     <span class='ocr_line' id='line_1_8' title="bbox 136 906 1254 984; baseline -0.002 -17"><span class='ocrx_word' id='word_1_44' title='bbox 136 907 303 982; x_wconf 84' lang='lat' dir='ltr'>xius,·qui</span> <span class='ocrx_word' id='word_1_45' title='bbox 326 906 392 965; x_wconf 91' lang='lat' dir='ltr'>sine</span> <span class='ocrx_word' id='word_1_46' title='bbox 413 913 541 980; x_wconf 88' lang='lat' dir='ltr'>peccato</span> <span class='ocrx_word' id='word_1_47' title='bbox 564 911 644 981; x_wconf 91' lang='lat' dir='ltr'>erat,</span> <span class='ocrx_word' id='word_1_48' title='bbox 668 906 748 966; x_wconf 89' lang='lat' dir='ltr'>ultro</span> <span class='ocrx_word' id='word_1_49' title='bbox 770 924 882 983; x_wconf 89' lang='lat' dir='ltr'>passus</span> <span class='ocrx_word' id='word_1_50' title='bbox 905 913 961 969; x_wconf 90' lang='lat' dir='ltr'>est.</span> <span class='ocrx_word' id='word_1_51' title='bbox 1008 908 1152 984; x_wconf 87' lang='lat' dir='ltr'>Bipartito</span> <span class='ocrx_word' id='word_1_52' title='bbox 1172 909 1254 967; x_wconf 90' lang='lat' dir='ltr'>enirn</span> 
     </span>
     <span class='ocr_line' id='line_1_9' title="bbox 136 992 1254 1072; baseline -0.003 -17"><span class='ocrx_word' id='word_1_53' title='bbox 136 992 315 1055; x_wconf 87' lang='lat' dir='ltr'>secundum</span> <span class='ocrx_word' id='word_1_54' title='bbox 344 998 506 1067; x_wconf 91' lang='lat' dir='ltr'>utrumqne</span> <span class='ocrx_word' id='word_1_55' title='bbox 529 1008 568 1052; x_wconf 86' lang='lat' dir='ltr'>ex</span> <span class='ocrx_word' id='word_1_56' title='bbox 591 993 727 1067; x_wconf 91' lang='lat' dir='ltr'>partibus</span> <span class='ocrx_word' id='word_1_57' title='bbox 750 998 798 1053; x_wconf 93' lang='lat' dir='ltr'>est</span> <span class='ocrx_word' id='word_1_58' title='bbox 819 995 1024 1072; x_wconf 88' lang='lat' dir='ltr'>compositus,</span> <span class='ocrx_word' id='word_1_59' title='bbox 1055 1000 1163 1068; x_wconf 90' lang='lat' dir='ltr'>estque</span> <span class='ocrx_word' id='word_1_60' title='bbox 1185 1010 1254 1069; x_wconf 91' lang='lat' dir='ltr'>pcr-</span> 
     </span>
     <span class='ocr_line' id='line_1_10' title="bbox 136 1078 1253 1154; baseline -0.004 -12"><span class='ocrx_word' id='word_1_61' title='bbox 136 1082 220 1142; x_wconf 84' lang='lat' dir='ltr'>recte</span> <span class='ocrx_word' id='word_1_62' title='bbox 247 1078 346 1139; x_wconf 90' lang='lat' dir='ltr'>lactus</span> <span class='ocrx_word' id='word_1_63' title='bbox 377 1094 476 1138; x_wconf 91' lang='lat' dir='ltr'>novus</span> <span class='ocrx_word' id='word_1_64' title='bbox 504 1078 618 1154; x_wconf 85' lang='lat' dir='ltr'>Adam,</span> <span class='ocrx_word' id='word_1_65' title='bbox 646 1079 783 1154; x_wconf 73' lang='lat' dir='ltr'>&#39;primurn</span> <span class='ocrx_word' id='word_1_66' title='bbox 806 1079 957 1140; x_wconf 66' lang='lat' dir='ltr'>aldamum</span> <span class='ocrx_word' id='word_1_67' title='bbox 985 1082 1054 1141; x_wconf 89' lang='lat' dir='ltr'>istis</span> <span class='ocrx_word' id='word_1_68' title='bbox 1084 1080 1253 1141; x_wconf 90' lang='lat' dir='ltr'>secundum</span> 
     </span>
     <span class='ocr_line' id='line_1_11' title="bbox 134 1163 1254 1241; baseline -0.004 -12"><span class='ocrx_word' id='word_1_69' title='bbox 134 1171 305 1240; x_wconf 86' lang='lat' dir='ltr'>utrumque</span> <span class='ocrx_word' id='word_1_70' title='bbox 328 1167 465 1240; x_wconf 90' lang='lat' dir='ltr'>partibus</span> <span class='ocrx_word' id='word_1_71' title='bbox 487 1165 518 1222; x_wconf 90' lang='lat' dir='ltr'>in</span> <span class='ocrx_word' id='word_1_72' title='bbox 542 1166 707 1241; x_wconf 89' lang='lat' dir='ltr'>semetipso</span> <span class='ocrx_word' id='word_1_73' title='bbox 731 1167 946 1227; x_wconf 89' lang='lat' dir='ltr'>circumferens</span> <span class='ocrx_word' id='word_1_74' title='bbox 966 1168 1166 1227; x_wconf 89' lang='lat' dir='ltr'>imminutum.</span> <span class='ocrx_word' id='word_1_75' title='bbox 1197 1163 1254 1224; x_wconf 77' lang='lat' dir='ltr'>Fa·</span> 
     </span>
     <span class='ocr_line' id='line_1_12' title="bbox 136 1251 1254 1330; baseline -0.003 -15"><span class='ocrx_word' id='word_1_76' title='bbox 136 1253 307 1315; x_wconf 78' lang='lat' dir='ltr'>stitutionis</span> <span class='ocrx_word' id='word_1_77' title='bbox 338 1251 418 1311; x_wconf 90' lang='lat' dir='ltr'>enim</span> <span class='ocrx_word' id='word_1_78' title='bbox 448 1266 528 1325; x_wconf 91' lang='lat' dir='ltr'>quae</span> <span class='ocrx_word' id='word_1_79' title='bbox 558 1255 629 1312; x_wconf 91' lang='lat' dir='ltr'>ante</span> <span class='ocrx_word' id='word_1_80' title='bbox 653 1251 763 1312; x_wconf 86' lang='lat' dir='ltr'>Adami</span> <span class='ocrx_word' id='word_1_81' title='bbox 792 1254 914 1328; x_wconf 89' lang='lat' dir='ltr'>lapsum</span> <span class='ocrx_word' id='word_1_82' title='bbox 937 1253 1065 1330; x_wconf 89' lang='lat' dir='ltr'>contigit</span> <span class='ocrx_word' id='word_1_83' title='bbox 1085 1251 1155 1329; x_wconf 91' lang='lat' dir='ltr'>lege</span> <span class='ocrx_word' id='word_1_84' title='bbox 1177 1251 1254 1329; x_wconf 91' lang='lat' dir='ltr'>tigu-</span> 
     </span>
     <span class='ocr_line' id='line_1_13' title="bbox 134 1337 1256 1415; baseline -0.004 -14"><span class='ocrx_word' id='word_1_85' title='bbox 134 1340 270 1401; x_wconf 72' lang='lat' dir='ltr'><strong>rationis</strong></span> <span class='ocrx_word' id='word_1_86' title='bbox 300 1340 458 1398; x_wconf 90' lang='lat' dir='ltr'>sustinens</span> <span class='ocrx_word' id='word_1_87' title='bbox 488 1337 779 1399; x_wconf 82' lang='lat' dir='ltr'>condescensionem</span> <span class='ocrx_word' id='word_1_88' title='bbox 801 1341 832 1399; x_wconf 91' lang='lat' dir='ltr'>id</span> <span class='ocrx_word' id='word_1_89' title='bbox 856 1338 982 1415; x_wconf 62' lang='lat' dir='ltr'>quidemv</span> <span class='ocrx_word' id='word_1_90' title='bbox 1001 1337 1179 1399; x_wconf 77' lang='lat' dir='ltr'>naturaliter</span> <span class='ocrx_word' id='word_1_91' title='bbox 1199 1354 1256 1415; x_wconf 90' lang='lat' dir='ltr'>per</span> 
     </span>
     <span class='ocr_line' id='line_1_14' title="bbox 134 1424 1289 1500; baseline -0.004 -13"><span class='ocrx_word' id='word_1_92' title='bbox 134 1424 380 1487; x_wconf 88' lang='lat' dir='ltr'>insufflationem</span> <span class='ocrx_word' id='word_1_93' title='bbox 412 1425 525 1499; x_wconf 91' lang='lat' dir='ltr'>recepit</span> <span class='ocrx_word' id='word_1_94' title='bbox 545 1431 579 1484; x_wconf 92' lang='lat' dir='ltr'>ut</span> <span class='ocrx_word' id='word_1_95' title='bbox 601 1426 668 1484; x_wconf 89' lang='lat' dir='ltr'>sine</span> <span class='ocrx_word' id='word_1_96' title='bbox 690 1432 817 1500; x_wconf 89' lang='lat' dir='ltr'>peccato</span> <span class='ocrx_word' id='word_1_97' title='bbox 841 1431 936 1497; x_wconf 90' lang='lat' dir='ltr'>esset,</span> <span class='ocrx_word' id='word_1_98' title='bbox 966 1424 1289 1500; x_wconf 57' lang='lat' dir='ltr'>sedincorruptibi-.1</span> 
     </span>
     <span class='ocr_line' id='line_1_15' title="bbox 136 1509 1254 1589; baseline -0.004 -15"><span class='ocrx_word' id='word_1_99' title='bbox 136 1514 260 1574; x_wconf 88' lang='lat' dir='ltr'>litatem</span> <span class='ocrx_word' id='word_1_100' title='bbox 290 1511 374 1572; x_wconf 89' lang='lat' dir='ltr'>haud</span> <span class='ocrx_word' id='word_1_101' title='bbox 406 1511 526 1586; x_wconf 91' lang='lat' dir='ltr'>pariter.</span> <span class='ocrx_word' id='word_1_102' title='bbox 572 1509 801 1573; x_wconf 68' lang='lat' dir='ltr'>&#39;Generationis</span> <span class='ocrx_word' id='word_1_103' title='bbox 831 1518 934 1573; x_wconf 85' lang='lat' dir='ltr'>autern</span> <span class='ocrx_word' id='word_1_104' title='bbox 963 1516 1034 1589; x_wconf 91' lang='lat' dir='ltr'>post</span> <span class='ocrx_word' id='word_1_105' title='bbox 1053 1513 1186 1587; x_wconf 84' lang='lat' dir='ltr'>&#39;lapsum</span> <span class='ocrx_word' id='word_1_106' title='bbox 1204 1509 1254 1569; x_wconf 87' lang='lat' dir='ltr'>de</span> 
     </span>
     <span class='ocr_line' id='line_1_16' title="bbox 137 1595 1282 1673; baseline 0 -12"><span class='ocrx_word' id='word_1_107' title='bbox 137 1598 340 1661; x_wconf 75' lang='lat' dir='ltr'>damnatione</span> <span class='ocrx_word' id='word_1_108' title='bbox 370 1595 524 1658; x_wconf 88' lang='lat' dir='ltr'>institutae</span> <span class='ocrx_word' id='word_1_109' title='bbox 547 1597 718 1658; x_wconf 89' lang='lat' dir='ltr'>voluntaria</span> <span class='ocrx_word' id='word_1_110' title='bbox 740 1616 797 1659; x_wconf 91' lang='lat' dir='ltr'>sua</span> <span class='ocrx_word' id='word_1_111' title='bbox 819 1600 1026 1659; x_wconf 85' lang='lat' dir='ltr'>exinanitione</span> <span class='ocrx_word' id='word_1_112' title='bbox 1048 1597 1174 1658; x_wconf 85' lang='lat' dir='ltr'>affectus</span> <span class='ocrx_word' id='word_1_113' title='bbox 1198 1612 1282 1673; x_wconf 53' lang='lat' dir='ltr'>naq.</span> 
     </span>
     <span class='ocr_line' id='line_1_17' title="bbox 135 1684 1254 1760; baseline -0.006 -11"><span class='ocrx_word' id='word_1_114' title='bbox 135 1685 281 1749; x_wconf 88' lang='lat' dir='ltr'>turaliter</span> <span class='ocrx_word' id='word_1_115' title='bbox 299 1701 368 1745; x_wconf 88' lang='lat' dir='ltr'>cum</span> <span class='ocrx_word' id='word_1_116' title='bbox 387 1685 563 1760; x_wconf 81' lang='lat' dir='ltr'>recepisset,</span> <span class='ocrx_word' id='word_1_117' title='bbox 585 1684 733 1759; x_wconf 92' lang='lat' dir='ltr'>peccandi</span> <span class='ocrx_word' id='word_1_118' title='bbox 750 1685 924 1746; x_wconf 88' lang='lat' dir='ltr'>facultatem</span> <span class='ocrx_word' id='word_1_119' title='bbox 942 1701 1004 1746; x_wconf 90' lang='lat' dir='ltr'>non</span> <span class='ocrx_word' id='word_1_120' title='bbox 1023 1685 1113 1745; x_wconf 91' lang='lat' dir='ltr'>simul</span> <span class='ocrx_word' id='word_1_121' title='bbox 1130 1684 1254 1759; x_wconf 90' lang='lat' dir='ltr'>recepit,</span> 
     </span>
     <span class='ocr_line' id='line_1_18' title="bbox 136 1770 1254 1844; baseline -0.005 -10"><span class='ocrx_word' id='word_1_122' title='bbox 136 1778 171 1834; x_wconf 88' lang='lat' dir='ltr'>et</span> <span class='ocrx_word' id='word_1_123' title='bbox 193 1772 228 1831; x_wconf 87' lang='lat' dir='ltr'>fit</span> <span class='ocrx_word' id='word_1_124' title='bbox 251 1787 349 1832; x_wconf 88' lang='lat' dir='ltr'>novus</span> <span class='ocrx_word' id='word_1_125' title='bbox 372 1770 526 1844; x_wconf 81' lang='lat' dir='ltr'>Adamas,</span> <span class='ocrx_word' id='word_1_126' title='bbox 555 1771 684 1832; x_wconf 91' lang='lat' dir='ltr'>eandem</span> <span class='ocrx_word' id='word_1_127' title='bbox 713 1772 854 1834; x_wconf 90' lang='lat' dir='ltr'>videlicet</span> <span class='ocrx_word' id='word_1_128' title='bbox 882 1772 1099 1832; x_wconf 82' lang='lat' dir='ltr'>factitationem</span> <span class='ocrx_word' id='word_1_129' title='bbox 1129 1771 1254 1830; x_wconf 90' lang='lat' dir='ltr'>sortitus</span> 
     </span>
     <span class='ocr_line' id='line_1_19' title="bbox 136 1857 1256 1937; baseline -0.004 -17"><span class='ocrx_word' id='word_1_130' title='bbox 136 1863 270 1937; x_wconf 85' lang='lat' dir='ltr'>peceato</span> <span class='ocrx_word' id='word_1_131' title='bbox 291 1858 435 1927; x_wconf 89' lang='lat' dir='ltr'>liberam,</span> <span class='ocrx_word' id='word_1_132' title='bbox 460 1858 610 1931; x_wconf 91' lang='lat' dir='ltr'>simulque</span> <span class='ocrx_word' id='word_1_133' title='bbox 630 1859 857 1935; x_wconf 75' lang='lat' dir='ltr'>generationem</span> <span class='ocrx_word' id='word_1_134' title='bbox 877 1860 1007 1920; x_wconf 93' lang='lat' dir='ltr'>eandem</span> <span class='ocrx_word' id='word_1_135' title='bbox 1027 1874 1096 1919; x_wconf 90' lang='lat' dir='ltr'>cum</span> <span class='ocrx_word' id='word_1_136' title='bbox 1114 1857 1165 1916; x_wconf 92' lang='lat' dir='ltr'>illo</span> <span class='ocrx_word' id='word_1_137' title='bbox 1182 1872 1256 1932; x_wconf 89' lang='lat' dir='ltr'>pas·</span> 
     </span>
     <span class='ocr_line' id='line_1_20' title="bbox 120 1942 1254 2019; baseline -0.004 -13"><span class='ocrx_word' id='word_1_138' title='bbox 120 1962 197 2019; x_wconf 33' lang='lat' dir='ltr'>,sus</span> <span class='ocrx_word' id='word_1_139' title='bbox 228 1942 346 2004; x_wconf 83' lang='lat' dir='ltr'>affectui</span> <span class='ocrx_word' id='word_1_140' title='bbox 376 1944 549 2003; x_wconf 88' lang='lat' dir='ltr'>obnoxiam.</span> <span class='ocrx_word' id='word_1_141' title='bbox 603 1943 765 2019; x_wconf 84' lang='lat' dir='ltr'>Utramque</span> <span class='ocrx_word' id='word_1_142' title='bbox 792 1946 904 2010; x_wconf 87' lang='lat' dir='ltr'>etenim</span> <span class='ocrx_word' id='word_1_143' title='bbox 934 1946 1014 2004; x_wconf 90' lang='lat' dir='ltr'>circa</span> <span class='ocrx_word' id='word_1_144' title='bbox 1042 1948 1140 2004; x_wconf 92' lang='lat' dir='ltr'>semet</span> <span class='ocrx_word' id='word_1_145' title='bbox 1162 1949 1254 2016; x_wconf 89' lang='lat' dir='ltr'>atque</span> 
     </span>
     <span class='ocr_line' id='line_1_21' title="bbox 136 2029 1254 2107; baseline -0.006 -14"><span class='ocrx_word' id='word_1_146' title='bbox 136 2032 278 2093; x_wconf 88' lang='lat' dir='ltr'>vicissim</span> <span class='ocrx_word' id='word_1_147' title='bbox 305 2030 441 2107; x_wconf 89' lang='lat' dir='ltr'>partibus</span> <span class='ocrx_word' id='word_1_148' title='bbox 469 2029 629 2104; x_wconf 89' lang='lat' dir='ltr'>utriusque</span> <span class='ocrx_word' id='word_1_149' title='bbox 658 2030 790 2105; x_wconf 89' lang='lat' dir='ltr'>perfecte</span> <span class='ocrx_word' id='word_1_150' title='bbox 819 2036 1004 2090; x_wconf 88' lang='lat' dir='ltr'>connectens</span> <span class='ocrx_word' id='word_1_151' title='bbox 1028 2030 1176 2088; x_wconf 89' lang='lat' dir='ltr'>ambabus</span> <span class='ocrx_word' id='word_1_152' title='bbox 1200 2043 1254 2103; x_wconf 91' lang='lat' dir='ltr'>per</span> 
     </span>
     <span class='ocr_line' id='line_1_22' title="bbox 138 2115 1255 2194; baseline -0.006 -14"><span class='ocrx_word' id='word_1_153' title='bbox 138 2135 176 2181; x_wconf 91' lang='lat' dir='ltr'>se</span> <span class='ocrx_word' id='word_1_154' title='bbox 200 2120 285 2194; x_wconf 91' lang='lat' dir='ltr'>ipsas</span> <span class='ocrx_word' id='word_1_155' title='bbox 307 2117 467 2191; x_wconf 90' lang='lat' dir='ltr'>utriusque</span> <span class='ocrx_word' id='word_1_156' title='bbox 490 2117 688 2176; x_wconf 85' lang='lat' dir='ltr'>extremitatis</span> <span class='ocrx_word' id='word_1_157' title='bbox 711 2115 830 2176; x_wconf 87' lang='lat' dir='ltr'>defectu</span> <span class='ocrx_word' id='word_1_158' title='bbox 854 2122 989 2177; x_wconf 89' lang='lat' dir='ltr'>mutuam</span> <span class='ocrx_word' id='word_1_159' title='bbox 1008 2122 1038 2175; x_wconf 91' lang='lat' dir='ltr'>et</span> <span class='ocrx_word' id='word_1_160' title='bbox 1055 2115 1255 2175; x_wconf 85' lang='lat' dir='ltr'>fortissimam</span> 
     </span>
     <span class='ocr_line' id='line_1_23' title="bbox 138 2200 1255 2277; baseline -0.007 -11"><span class='ocrx_word' id='word_1_161' title='bbox 138 2205 242 2266; x_wconf 88' lang='lat' dir='ltr'>attulit</span> <span class='ocrx_word' id='word_1_162' title='bbox 264 2202 432 2277; x_wconf 87' lang='lat' dir='ltr'>medelam,</span> <span class='ocrx_word' id='word_1_163' title='bbox 462 2203 554 2262; x_wconf 90' lang='lat' dir='ltr'>unius</span> <span class='ocrx_word' id='word_1_164' title='bbox 577 2207 607 2263; x_wconf 94' lang='lat' dir='ltr'>et</span> <span class='ocrx_word' id='word_1_165' title='bbox 628 2201 815 2262; x_wconf 87' lang='lat' dir='ltr'>honorabilis</span> <span class='ocrx_word' id='word_1_166' title='bbox 838 2200 974 2264; x_wconf 85' lang='lat' dir='ltr'>alteram&#39;</span> <span class='ocrx_word' id='word_1_167' title='bbox 988 2207 1019 2263; x_wconf 90' lang='lat' dir='ltr'>et</span> <span class='ocrx_word' id='word_1_168' title='bbox 1039 2201 1255 2261; x_wconf 89' lang='lat' dir='ltr'>inhonoratam</span> 
     </span>
     <span class='ocr_line' id='line_1_24' title="bbox 139 2288 1253 2362; baseline -0.005 -9"><span class='ocrx_word' id='word_1_169' title='bbox 139 2292 259 2353; x_wconf 86' lang='lat' dir='ltr'>faciens</span> <span class='ocrx_word' id='word_1_170' title='bbox 282 2290 534 2349; x_wconf 86' lang='lat' dir='ltr'>conservatricem</span> <span class='ocrx_word' id='word_1_171' title='bbox 558 2296 588 2350; x_wconf 90' lang='lat' dir='ltr'>et</span> <span class='ocrx_word' id='word_1_172' title='bbox 610 2290 846 2362; x_wconf 88' lang='lat' dir='ltr'>renovatricem,</span> <span class='ocrx_word' id='word_1_173' title='bbox 881 2289 1004 2349; x_wconf 90' lang='lat' dir='ltr'>alterius</span> <span class='ocrx_word' id='word_1_174' title='bbox 1027 2303 1099 2347; x_wconf 91' lang='lat' dir='ltr'>vero</span> <span class='ocrx_word' id='word_1_175' title='bbox 1121 2288 1253 2362; x_wconf 86' lang='lat' dir='ltr'>priorem</span> 
     </span>
     <span class='ocr_line' id='line_1_25' title="bbox 140 2375 1253 2438; baseline -0.004 0"><span class='ocrx_word' id='word_1_176' title='bbox 140 2377 383 2438; x_wconf 90' lang='lat' dir='ltr'>constitutricem</span> <span class='ocrx_word' id='word_1_177' title='bbox 402 2382 431 2435; x_wconf 91' lang='lat' dir='ltr'>et</span> <span class='ocrx_word' id='word_1_178' title='bbox 450 2375 598 2436; x_wconf 89' lang='lat' dir='ltr'>vindicem</span> <span class='ocrx_word' id='word_1_179' title='bbox 618 2377 781 2438; x_wconf 85' lang='lat' dir='ltr'>collocans.</span> <span class='ocrx_word' id='word_1_180' title='bbox 822 2375 1034 2435; x_wconf 82' lang='lat' dir='ltr'>Extremitates</span> <span class='ocrx_word' id='word_1_181' title='bbox 1053 2379 1157 2434; x_wconf 91' lang='lat' dir='ltr'>autem</span> <span class='ocrx_word' id='word_1_182' title='bbox 1176 2389 1253 2434; x_wconf 88' lang='lat' dir='ltr'>voco</span> 
     </span>
     <span class='ocr_line' id='line_1_26' title="bbox 139 2462 1254 2541; baseline -0.004 -18"><span class='ocrx_word' id='word_1_183' title='bbox 139 2465 261 2541; x_wconf 80' lang='lat' dir='ltr'>primae</span> <span class='ocrx_word' id='word_1_184' title='bbox 290 2463 471 2522; x_wconf 92' lang='lat' dir='ltr'>conditionis</span> <span class='ocrx_word' id='word_1_185' title='bbox 500 2467 529 2522; x_wconf 91' lang='lat' dir='ltr'>et</span> <span class='ocrx_word' id='word_1_186' title='bbox 551 2462 738 2524; x_wconf 91' lang='lat' dir='ltr'>honorabilis</span> <span class='ocrx_word' id='word_1_187' title='bbox 761 2462 1089 2538; x_wconf 86' lang='lat' dir='ltr'>incorruptibilitatem,</span> <span class='ocrx_word' id='word_1_188' title='bbox 1121 2463 1152 2518; x_wconf 92' lang='lat' dir='ltr'>ut</span> <span class='ocrx_word' id='word_1_189' title='bbox 1175 2474 1254 2533; x_wconf 91' lang='lat' dir='ltr'>quae</span> 
     </span>
     <span class='ocr_line' id='line_1_27' title="bbox 123 2544 1253 2633; baseline -0.004 -24"><span class='ocrx_word' id='word_1_190' title='bbox 123 2549 366 2633; x_wconf 29' lang='lat' dir='ltr'>&#39;impeccantiae</span> <span class='ocrx_word' id='word_1_191' title='bbox 384 2549 563 2624; x_wconf 90' lang='lat' dir='ltr'>principium</span> <span class='ocrx_word' id='word_1_192' title='bbox 585 2553 649 2623; x_wconf 93' lang='lat' dir='ltr'>est,</span> <span class='ocrx_word' id='word_1_193' title='bbox 686 2549 892 2626; x_wconf 83' lang='lat' dir='ltr'>generationis</span> <span class='ocrx_word' id='word_1_194' title='bbox 915 2563 1003 2623; x_wconf 86' lang='lat' dir='ltr'>vero,</span> <span class='ocrx_word' id='word_1_195' title='bbox 1040 2551 1074 2606; x_wconf 92' lang='lat' dir='ltr'>ut</span> <span class='ocrx_word' id='word_1_196' title='bbox 1096 2544 1253 2606; x_wconf 91' lang='lat' dir='ltr'>secundae</span> 
     </span>
     <span class='ocr_line' id='line_1_28' title="bbox 139 2632 1253 2711; baseline -0.005 -14"><span class='ocrx_word' id='word_1_197' title='bbox 139 2641 182 2697; x_wconf 90' lang='lat' dir='ltr'>et·</span> <span class='ocrx_word' id='word_1_198' title='bbox 200 2633 435 2709; x_wconf 86' lang='lat' dir='ltr'>inhonorabilis,</span> <span class='ocrx_word' id='word_1_199' title='bbox 465 2634 598 2695; x_wconf 91' lang='lat' dir='ltr'>indolem</span> <span class='ocrx_word' id='word_1_200' title='bbox 628 2636 790 2711; x_wconf 88' lang='lat' dir='ltr'>peccandi,</span> <span class='ocrx_word' id='word_1_201' title='bbox 823 2636 935 2710; x_wconf 91' lang='lat' dir='ltr'>quippe</span> <span class='ocrx_word' id='word_1_202' title='bbox 951 2640 1037 2709; x_wconf 86' lang='lat' dir='ltr'>&#39;quae</span> <span class='ocrx_word' id='word_1_203' title='bbox 1060 2632 1159 2692; x_wconf 90' lang='lat' dir='ltr'>omnis</span> <span class='ocrx_word' id='word_1_204' title='bbox 1181 2648 1253 2706; x_wconf 89' lang='lat' dir='ltr'>pas·</span> 
     </span>
     <span class='ocr_line' id='line_1_29' title="bbox 139 2720 1253 2796; baseline -0.004 -15"><span class='ocrx_word' id='word_1_205' title='bbox 139 2723 239 2782; x_wconf 91' lang='lat' dir='ltr'>sionis</span> <span class='ocrx_word' id='word_1_206' title='bbox 269 2725 359 2796; x_wconf 91' lang='lat' dir='ltr'>atque</span> <span class='ocrx_word' id='word_1_207' title='bbox 389 2721 528 2782; x_wconf 91' lang='lat' dir='ltr'>interitus</span> <span class='ocrx_word' id='word_1_208' title='bbox 558 2736 654 2782; x_wconf 91' lang='lat' dir='ltr'>causa</span> <span class='ocrx_word' id='word_1_209' title='bbox 682 2727 739 2782; x_wconf 92' lang='lat' dir='ltr'>est.</span> <span class='ocrx_word' id='word_1_210' title='bbox 806 2720 921 2793; x_wconf 82' lang='lat' dir='ltr'>Quibus</span> <span class='ocrx_word' id='word_1_211' title='bbox 951 2737 970 2779; x_wconf 90' lang='lat' dir='ltr'>a</span> <span class='ocrx_word' id='word_1_212' title='bbox 999 2720 1155 2786; x_wconf 86' lang='lat' dir='ltr'>salvatore</span> <span class='ocrx_word' id='word_1_213' title='bbox 1182 2728 1253 2778; x_wconf 86' lang='lat' dir='ltr'>rum</span> 
     </span>
     <span class='ocr_line' id='line_1_30' title="bbox 140 2803 1253 2883; baseline -0.004 -14"><span class='ocrx_word' id='word_1_214' title='bbox 140 2824 215 2869; x_wconf 88' lang='lat' dir='ltr'>caro</span> <span class='ocrx_word' id='word_1_215' title='bbox 239 2807 324 2868; x_wconf 85' lang='lat' dir='ltr'>lieret</span> <span class='ocrx_word' id='word_1_216' title='bbox 346 2821 538 2882; x_wconf 90' lang='lat' dir='ltr'>nequaquam</span> <span class='ocrx_word' id='word_1_217' title='bbox 562 2809 708 2883; x_wconf 90' lang='lat' dir='ltr'>receptis,</span> <span class='ocrx_word' id='word_1_218' title='bbox 748 2814 779 2868; x_wconf 91' lang='lat' dir='ltr'>et</span> <span class='ocrx_word' id='word_1_219' title='bbox 800 2808 845 2868; x_wconf 92' lang='lat' dir='ltr'>eis</span> <span class='ocrx_word' id='word_1_220' title='bbox 869 2822 947 2882; x_wconf 92' lang='lat' dir='ltr'>quae</span> <span class='ocrx_word' id='word_1_221' title='bbox 970 2823 1025 2882; x_wconf 92' lang='lat' dir='ltr'>per</span> <span class='ocrx_word' id='word_1_222' title='bbox 1048 2822 1084 2866; x_wconf 92' lang='lat' dir='ltr'>ea</span> <span class='ocrx_word' id='word_1_223' title='bbox 1107 2810 1178 2865; x_wconf 92' lang='lat' dir='ltr'>sunt</span> <span class='ocrx_word' id='word_1_224' title='bbox 1199 2803 1253 2864; x_wconf 89' lang='lat' dir='ltr'>ad-</span> 
     </span>
     <span class='ocr_line' id='line_1_31' title="bbox 138 2892 1254 2973; baseline -0.003 -18"><span class='ocrx_word' id='word_1_225' title='bbox 138 2894 263 2968; x_wconf 86' lang='lat' dir='ltr'>missis,</span> <span class='ocrx_word' id='word_1_226' title='bbox 293 2892 473 2973; x_wconf 89' lang='lat' dir='ltr'>conditionis</span> <span class='ocrx_word' id='word_1_227' title='bbox 504 2893 624 2969; x_wconf 90' lang='lat' dir='ltr'>quidem</span> <span class='ocrx_word' id='word_1_228' title='bbox 648 2895 874 2971; x_wconf 83' lang='lat' dir='ltr'>generationem</span> <span class='ocrx_word' id='word_1_229' title='bbox 897 2893 967 2955; x_wconf 89' lang='lat' dir='ltr'>iecit</span> <span class='ocrx_word' id='word_1_230' title='bbox 988 2892 1254 2962; x_wconf 87' lang='lat' dir='ltr'>conservatricem,</span> 
     </span>
     <span class='ocr_line' id='line_1_32' title="bbox 139 2979 1253 3054; baseline -0.004 -12"><span class='ocrx_word' id='word_1_231' title='bbox 139 2980 255 3043; x_wconf 74' lang='lat' dir='ltr'>affectu</span> <span class='ocrx_word' id='word_1_232' title='bbox 288 2981 354 3039; x_wconf 90' lang='lat' dir='ltr'>eins</span> <span class='ocrx_word' id='word_1_233' title='bbox 388 2980 494 3039; x_wconf 89' lang='lat' dir='ltr'>mirum</span> <span class='ocrx_word' id='word_1_234' title='bbox 532 2979 686 3054; x_wconf 89' lang='lat' dir='ltr'>quendam</span> <span class='ocrx_word' id='word_1_235' title='bbox 722 2981 751 3041; x_wconf 91' lang='lat' dir='ltr'>in</span> <span class='ocrx_word' id='word_1_236' title='bbox 783 2981 906 3041; x_wconf 89' lang='lat' dir='ltr'>modurn</span> <span class='ocrx_word' id='word_1_237' title='bbox 936 2980 1132 3040; x_wconf 89' lang='lat' dir='ltr'>factitationis</span> <span class='ocrx_word' id='word_1_238' title='bbox 1162 2994 1253 3038; x_wconf 91' lang='lat' dir='ltr'>reno·</span> 
     </span>
     <span class='ocr_line' id='line_1_33' title="bbox 140 3064 1251 3144; baseline -0.005 -15"><span class='ocrx_word' id='word_1_239' title='bbox 140 3083 220 3129; x_wconf 86' lang='lat' dir='ltr'>vans</span> <span class='ocrx_word' id='word_1_240' title='bbox 245 3064 573 3142; x_wconf 63' lang='lat' dir='ltr'>incorruptibilitatem</span> <span class='ocrx_word' id='word_1_241' title='bbox 602 3066 672 3126; x_wconf 91' lang='lat' dir='ltr'>item</span> <span class='ocrx_word' id='word_1_242' title='bbox 695 3067 902 3144; x_wconf 86' lang='lat' dir='ltr'>generationis</span> <span class='ocrx_word' id='word_1_243' title='bbox 920 3081 1029 3125; x_wconf 89' lang='lat' dir='ltr'>rursus</span> <span class='ocrx_word' id='word_1_244' title='bbox 1047 3065 1251 3125; x_wconf 91' lang='lat' dir='ltr'>conditionem</span> 
     </span>
     <span class='ocr_line' id='line_1_34' title="bbox 140 3147 1253 3228; baseline -0.007 -13"><span class='ocrx_word' id='word_1_245' title='bbox 140 3153 299 3215; x_wconf 88' lang='lat' dir='ltr'>constituit</span> <span class='ocrx_word' id='word_1_246' title='bbox 322 3152 486 3222; x_wconf 91' lang='lat' dir='ltr'>vindicem,</span> <span class='ocrx_word' id='word_1_247' title='bbox 509 3152 702 3227; x_wconf 90' lang='lat' dir='ltr'>inpeccantia</span> <span class='ocrx_word' id='word_1_248' title='bbox 723 3153 789 3213; x_wconf 88' lang='lat' dir='ltr'>eius</span> <span class='ocrx_word' id='word_1_249' title='bbox 812 3156 926 3213; x_wconf 87' lang='lat' dir='ltr'>statum</span> <span class='ocrx_word' id='word_1_250' title='bbox 949 3151 1156 3228; x_wconf 89' lang='lat' dir='ltr'>generationis</span> <span class='ocrx_word' id='word_1_251' title='bbox 1179 3147 1253 3209; x_wconf 83' lang='lat' dir='ltr'>alie-</span> 
     </span>
     <span class='ocr_line' id='line_1_35' title="bbox 140 3234 1253 3314; baseline -0.006 -14"><span class='ocrx_word' id='word_1_252' title='bbox 140 3241 206 3302; x_wconf 90' lang='lat' dir='ltr'>ctni</span> <span class='ocrx_word' id='word_1_253' title='bbox 226 3239 390 3299; x_wconf 86' lang='lat' dir='ltr'>obnoxium</span> <span class='ocrx_word' id='word_1_254' title='bbox 413 3237 624 3308; x_wconf 84' lang='lat' dir='ltr'>sanctificans,</span> <span class='ocrx_word' id='word_1_255' title='bbox 655 3244 687 3299; x_wconf 91' lang='lat' dir='ltr'>ut</span> <span class='ocrx_word' id='word_1_256' title='bbox 708 3239 911 3299; x_wconf 91' lang='lat' dir='ltr'>conditionem</span> <span class='ocrx_word' id='word_1_257' title='bbox 929 3238 1018 3314; x_wconf 91' lang='lat' dir='ltr'>plene</span> <span class='ocrx_word' id='word_1_258' title='bbox 1034 3235 1154 3311; x_wconf 89' lang='lat' dir='ltr'>salvam</span> <span class='ocrx_word' id='word_1_259' title='bbox 1171 3234 1253 3294; x_wconf 90' lang='lat' dir='ltr'>face·</span> 
     </span>
     <span class='ocr_line' id='line_1_36' title="bbox 127 3323 1251 3402; baseline -0.004 -16"><span class='ocrx_word' id='word_1_260' title='bbox 127 3332 204 3402; x_wconf 73' lang='lat' dir='ltr'>ret,</span> <span class='ocrx_word' id='word_1_261' title='bbox 233 3324 355 3385; x_wconf 90' lang='lat' dir='ltr'>divinae</span> <span class='ocrx_word' id='word_1_262' title='bbox 384 3340 443 3384; x_wconf 90' lang='lat' dir='ltr'>sua</span> <span class='ocrx_word' id='word_1_263' title='bbox 469 3323 661 3400; x_wconf 88' lang='lat' dir='ltr'>perfectionis</span> <span class='ocrx_word' id='word_1_264' title='bbox 690 3326 807 3385; x_wconf 90' lang='lat' dir='ltr'>ratione</span> <span class='ocrx_word' id='word_1_265' title='bbox 836 3328 1070 3385; x_wconf 88' lang='lat' dir='ltr'>conservantem</span> <span class='ocrx_word' id='word_1_266' title='bbox 1099 3326 1251 3395; x_wconf 89' lang='lat' dir='ltr'>naturam,</span> 
     </span>
     <span class='ocr_line' id='line_1_37' title="bbox 140 3409 1252 3490; baseline -0.004 -17"><span class='ocrx_word' id='word_1_267' title='bbox 140 3429 160 3473; x_wconf 91' lang='lat' dir='ltr'>a</span> <span class='ocrx_word' id='word_1_268' title='bbox 184 3411 382 3490; x_wconf 88' lang='lat' dir='ltr'>generatione</span> <span class='ocrx_word' id='word_1_269' title='bbox 404 3426 477 3471; x_wconf 89' lang='lat' dir='ltr'>vero</span> <span class='ocrx_word' id='word_1_270' title='bbox 499 3415 640 3471; x_wconf 91' lang='lat' dir='ltr'>naturam</span> <span class='ocrx_word' id='word_1_271' title='bbox 662 3410 734 3472; x_wconf 88' lang='lat' dir='ltr'>hnic</span> <span class='ocrx_word' id='word_1_272' title='bbox 761 3409 1055 3487; x_wconf 82' lang='lat' dir='ltr'>propter-delictum</span> <span class='ocrx_word' id='word_1_273' title='bbox 1084 3409 1252 3469; x_wconf 85' lang='lat' dir='ltr'>subiectam</span> 
     </span>
     <span class='ocr_line' id='line_1_38' title="bbox 139 3495 1252 3576; baseline -0.005 -18"><span class='ocrx_word' id='word_1_274' title='bbox 139 3498 235 3576; x_wconf 90' lang='lat' dir='ltr'>plane</span> <span class='ocrx_word' id='word_1_275' title='bbox 256 3496 413 3571; x_wconf 87' lang='lat' dir='ltr'>liberaret,</span> <span class='ocrx_word' id='word_1_276' title='bbox 444 3497 573 3557; x_wconf 91' lang='lat' dir='ltr'>sationis</span> <span class='ocrx_word' id='word_1_277' title='bbox 596 3497 703 3573; x_wconf 89' lang='lat' dir='ltr'>modo,</span> <span class='ocrx_word' id='word_1_278' title='bbox 733 3497 804 3557; x_wconf 91' lang='lat' dir='ltr'>inde</span> <span class='ocrx_word' id='word_1_279' title='bbox 825 3498 957 3557; x_wconf 91' lang='lat' dir='ltr'>fortasse</span> <span class='ocrx_word' id='word_1_280' title='bbox 978 3495 1099 3569; x_wconf 89' lang='lat' dir='ltr'>reliquis</span> <span class='ocrx_word' id='word_1_281' title='bbox 1121 3495 1252 3553; x_wconf 90' lang='lat' dir='ltr'>interra</span> 
     </span>
     <span class='ocr_line' id='line_1_39' title="bbox 140 3578 1252 3656; baseline -0.007 -10"><span class='ocrx_word' id='word_1_282' title='bbox 140 3578 327 3646; x_wconf 86' lang='lat' dir='ltr'>animalibus</span> <span class='ocrx_word' id='word_1_283' title='bbox 357 3583 543 3654; x_wconf 91' lang='lat' dir='ltr'>adventicio,</span> <span class='ocrx_word' id='word_1_284' title='bbox 577 3599 638 3643; x_wconf 91' lang='lat' dir='ltr'>nou</span> <span class='ocrx_word' id='word_1_285' title='bbox 666 3584 820 3644; x_wconf 89' lang='lat' dir='ltr'>domitam.</span> <span class='ocrx_word' id='word_1_286' title='bbox 875 3581 963 3656; x_wconf 82' lang='lat' dir='ltr'>Quod</span> <span class='ocrx_word' id='word_1_287' title='bbox 992 3583 1017 3642; x_wconf 89' lang='lat' dir='ltr'>si</span> <span class='ocrx_word' id='word_1_288' title='bbox 1048 3580 1252 3641; x_wconf 89' lang='lat' dir='ltr'>conditionem</span> 
     </span>
     <span class='ocr_line' id='line_1_40' title="bbox 140 3666 1254 3748; baseline -0.006 -17"><span class='ocrx_word' id='word_1_289' title='bbox 140 3676 173 3731; x_wconf 91' lang='lat' dir='ltr'>et</span> <span class='ocrx_word' id='word_1_290' title='bbox 201 3670 414 3748; x_wconf 80' lang='lat' dir='ltr'>figurationem</span> <span class='ocrx_word' id='word_1_291' title='bbox 443 3674 474 3729; x_wconf 92' lang='lat' dir='ltr'>et</span> <span class='ocrx_word' id='word_1_292' title='bbox 495 3668 729 3731; x_wconf 83' lang='lat' dir='ltr'>insufflationem</span> <span class='ocrx_word' id='word_1_293' title='bbox 753 3669 931 3730; x_wconf 92' lang='lat' dir='ltr'>naturaliter</span> <span class='ocrx_word' id='word_1_294' title='bbox 953 3685 1021 3729; x_wconf 89' lang='lat' dir='ltr'>eum</span> <span class='ocrx_word' id='word_1_295' title='bbox 1043 3666 1254 3726; x_wconf 90' lang='lat' dir='ltr'>incarnatione</span> 
     </span>
     <span class='ocr_line' id='line_1_41' title="bbox 120 3750 1253 3836; baseline -0.006 -19"><span class='ocrx_word' id='word_1_296' title='bbox 120 3762 174 3818; x_wconf 74' lang='lat' dir='ltr'>*et</span> <span class='ocrx_word' id='word_1_297' title='bbox 202 3773 271 3817; x_wconf 90' lang='lat' dir='ltr'>cum</span> <span class='ocrx_word' id='word_1_298' title='bbox 303 3756 501 3836; x_wconf 88' lang='lat' dir='ltr'>generatione</span> <span class='ocrx_word' id='word_1_299' title='bbox 529 3757 740 3826; x_wconf 85' lang='lat' dir='ltr'>coniunxeris,</span> <span class='ocrx_word' id='word_1_300' title='bbox 773 3756 927 3832; x_wconf 89' lang='lat' dir='ltr'>distingue</span> <span class='ocrx_word' id='word_1_301' title='bbox 948 3753 1005 3814; x_wconf 84' lang='lat' dir='ltr'>lias</span> <span class='ocrx_word' id='word_1_302' title='bbox 1028 3753 1106 3813; x_wconf 90' lang='lat' dir='ltr'>inter</span> <span class='ocrx_word' id='word_1_303' title='bbox 1128 3769 1163 3812; x_wconf 91' lang='lat' dir='ltr'>se</span> <span class='ocrx_word' id='word_1_304' title='bbox 1186 3750 1253 3810; x_wconf 87' lang='lat' dir='ltr'>sola</span> 
     </span>
     <span class='ocr_line' id='line_1_42' title="bbox 142 3839 1254 3921; baseline -0.008 -17"><span class='ocrx_word' id='word_1_305' title='bbox 142 3843 343 3921; x_wconf 86' lang='lat' dir='ltr'>cogitatione,</span> <span class='ocrx_word' id='word_1_306' title='bbox 368 3845 398 3902; x_wconf 93' lang='lat' dir='ltr'>et</span> <span class='ocrx_word' id='word_1_307' title='bbox 416 3842 564 3913; x_wconf 90' lang='lat' dir='ltr'>invenies,</span> <span class='ocrx_word' id='word_1_308' title='bbox 588 3839 756 3902; x_wconf 91' lang='lat' dir='ltr'>secundum</span> <span class='ocrx_word' id='word_1_309' title='bbox 776 3857 922 3919; x_wconf 91' lang='lat' dir='ltr'>magnum</span> <span class='ocrx_word' id='word_1_310' title='bbox 941 3840 1137 3918; x_wconf 86' lang='lat' dir='ltr'>magistrum,</span> <span class='ocrx_word' id='word_1_311' title='bbox 1162 3851 1254 3912; x_wconf 90' lang='lat' dir='ltr'>quar·</span> 
     </span>
     <span class='ocr_line' id='line_1_43' title="bbox 141 3922 1254 4006; baseline -0.006 -16"><span class='ocrx_word' id='word_1_312' title='bbox 141 3934 205 3990; x_wconf 85' lang='lat' dir='ltr'>tam</span> <span class='ocrx_word' id='word_1_313' title='bbox 229 3929 458 4006; x_wconf 89' lang='lat' dir='ltr'>generationem</span> <span class='ocrx_word' id='word_1_314' title='bbox 482 3928 634 4004; x_wconf 90' lang='lat' dir='ltr'>complere</span> <span class='ocrx_word' id='word_1_315' title='bbox 656 3943 722 3988; x_wconf 89' lang='lat' dir='ltr'>earn</span> <span class='ocrx_word' id='word_1_316' title='bbox 746 3941 825 4003; x_wconf 93' lang='lat' dir='ltr'>qnae</span> <span class='ocrx_word' id='word_1_317' title='bbox 845 3942 883 3987; x_wconf 92' lang='lat' dir='ltr'>ex</span> <span class='ocrx_word' id='word_1_318' title='bbox 904 3927 1082 4003; x_wconf 88' lang='lat' dir='ltr'>corporibus</span> <span class='ocrx_word' id='word_1_319' title='bbox 1100 3924 1148 3998; x_wconf 87' lang='lat' dir='ltr'>fit,</span> <span class='ocrx_word' id='word_1_320' title='bbox 1173 3922 1254 3983; x_wconf 85' lang='lat' dir='ltr'>sola·</span> 
     </span>
     <span class='ocr_line' id='line_1_44' title="bbox 131 4008 1255 4092; baseline -0.006 -17"><span class='ocrx_word' id='word_1_321' title='bbox 131 4008 203 4091; x_wconf 85' lang='lat' dir='ltr'>&#39;que</span> <span class='ocrx_word' id='word_1_322' title='bbox 232 4015 416 4092; x_wconf 86' lang='lat' dir='ltr'>cogitatione</span> <span class='ocrx_word' id='word_1_323' title='bbox 444 4016 612 4091; x_wconf 89' lang='lat' dir='ltr'>capientem</span> <span class='ocrx_word' id='word_1_324' title='bbox 642 4014 732 4074; x_wconf 89' lang='lat' dir='ltr'>istam</span> <span class='ocrx_word' id='word_1_325' title='bbox 763 4015 801 4073; x_wconf 91' lang='lat' dir='ltr'>ab</span> <span class='ocrx_word' id='word_1_326' title='bbox 825 4030 860 4074; x_wconf 91' lang='lat' dir='ltr'>se</span> <span class='ocrx_word' id='word_1_327' title='bbox 881 4014 950 4089; x_wconf 90' lang='lat' dir='ltr'>ipsa</span> <span class='ocrx_word' id='word_1_328' title='bbox 972 4011 1194 4072; x_wconf 89' lang='lat' dir='ltr'>distinctionem</span> <span class='ocrx_word' id='word_1_329' title='bbox 1218 4025 1255 4069; x_wconf 93' lang='lat' dir='ltr'>eo</span> 
     </span>
     <span class='ocr_line' id='line_1_45' title="bbox 141 4094 1255 4178; baseline -0.005 -16"><span class='ocrx_word' id='word_1_330' title='bbox 141 4117 234 4178; x_wconf 88' lang='lat' dir='ltr'>quem</span> <span class='ocrx_word' id='word_1_331' title='bbox 263 4103 405 4162; x_wconf 89' lang='lat' dir='ltr'>enarravi</span> <span class='ocrx_word' id='word_1_332' title='bbox 434 4100 534 4161; x_wconf 89' lang='lat' dir='ltr'>modo.</span> <span class='ocrx_word' id='word_1_333' title='bbox 589 4098 694 4162; x_wconf 89' lang='lat' dir='ltr'>Status</span> <span class='ocrx_word' id='word_1_334' title='bbox 724 4105 826 4160; x_wconf 85' lang='lat' dir='ltr'>autern</span> <span class='ocrx_word' id='word_1_335' title='bbox 856 4099 930 4160; x_wconf 90' lang='lat' dir='ltr'>nibil</span> <span class='ocrx_word' id='word_1_336' title='bbox 959 4096 1079 4158; x_wconf 87' lang='lat' dir='ltr'>differre</span> <span class='ocrx_word' id='word_1_337' title='bbox 1108 4094 1255 4156; x_wconf 90' lang='lat' dir='ltr'>conditio-</span> 
     </span>
     <span class='ocr_line' id='line_1_46' title="bbox 141 4183 1256 4263; baseline -0.004 -16"><span class='ocrx_word' id='word_1_338' title='bbox 141 4204 213 4250; x_wconf 89' lang='lat' dir='ltr'>nem</span> <span class='ocrx_word' id='word_1_339' title='bbox 236 4201 316 4262; x_wconf 90' lang='lat' dir='ltr'>qnae</span> <span class='ocrx_word' id='word_1_340' title='bbox 338 4187 518 4249; x_wconf 90' lang='lat' dir='ltr'>naturaliter</span> <span class='ocrx_word' id='word_1_341' title='bbox 536 4190 609 4246; x_wconf 89' lang='lat' dir='ltr'>ante</span> <span class='ocrx_word' id='word_1_342' title='bbox 627 4186 895 4263; x_wconf 89' lang='lat' dir='ltr'>superadditioiam</span> <span class='ocrx_word' id='word_1_343' title='bbox 913 4183 1256 4262; x_wconf 85' lang='lat' dir='ltr'>illamgenerationem,</span> 
     </span>
     <span class='ocr_line' id='line_1_47' title="bbox 140 4265 1255 4350; baseline -0.009 -14"><span class='ocrx_word' id='word_1_344' title='bbox 140 4276 232 4336; x_wconf 87' lang='lat' dir='ltr'>cuius</span> <span class='ocrx_word' id='word_1_345' title='bbox 255 4273 409 4350; x_wconf 86' lang='lat' dir='ltr'>peculiare</span> <span class='ocrx_word' id='word_1_346' title='bbox 430 4278 477 4335; x_wconf 90' lang='lat' dir='ltr'>est</span> <span class='ocrx_word' id='word_1_347' title='bbox 498 4271 663 4334; x_wconf 87' lang='lat' dir='ltr'>insufflatio</span> <span class='ocrx_word' id='word_1_348' title='bbox 684 4275 782 4350; x_wconf 89' lang='lat' dir='ltr'>prima</span> <span class='ocrx_word' id='word_1_349' title='bbox 804 4279 896 4348; x_wconf 89' lang='lat' dir='ltr'>atque</span> <span class='ocrx_word' id='word_1_350' title='bbox 914 4271 1043 4345; x_wconf 78' lang='lat' dir='ltr'>dialis,</span> <span class='ocrx_word' id='word_1_351' title='bbox 1059 4271 1160 4330; x_wconf 88' lang='lat' dir='ltr'>animo</span> <span class='ocrx_word' id='word_1_352' title='bbox 1182 4265 1255 4328; x_wconf 83' lang='lat' dir='ltr'>con-</span> 
     </span>
     <span class='ocr_line' id='line_1_48' title="bbox 141 4363 1248 4440; baseline -0.005 -18"><span class='ocrx_word' id='word_1_353' title='bbox 141 4363 260 4440; x_wconf 88' lang='lat' dir='ltr'>cipitur.</span> <span class='ocrx_word' id='word_1_354' title='bbox 1245 4393 1248 4399; x_wconf 88' lang='lat'>-</span> 
     </span>
    </p>
   </div>
   <div class='ocr_carea' id='block_1_3' title="bbox 0 0 1384 4778">
    <p class='ocr_par' dir='ltr' id='par_1_3' title="bbox 0 0 1384 4778">
     <span class='ocr_line' id='line_1_49' title="bbox 0 0 1384 4778; baseline 0 0"><span class='ocrx_word' id='word_1_355' title='bbox 0 0 1384 4778; x_wconf 95' lang='lat' dir='ltr'> </span> 
     </span>
    </p>
   </div>
  </div>
 </body>
</html>
