2768 4784
237 218 310 293 288

237 405 321 512 φαγῆ
348 401 499 485 γενέσθαι
530 394 599 461 τινά
627 402 681 461 καὶ
711 388 828 462 δποΐον
851 389 959 506 εἰναι,
992 395 1046 476 τὴν
1076 402 1150 483 περὶ
1175 397 1273 462 τούτο
1292 388 1354 477 ffl

236 493 341 554 κτίσιν
375 490 432 551 τού
465 488 547 549 θεού
581 487 822 592 διακρίνουσαν
846 478 978 566 ύγνοιαν
1006 486 1167 569 διαίρεσιν
1195 484 1252 566 λέγ

75 603 123 644 σοι
138 603 152 640 ι
159 595 230 642 ωτι.
239 574 305 653 Τὴν
332 568 393 657 γάρ
417 573 558 683 φυσικῶς
575 568 581 656 Ι
601 563 743 648 άλλήλων
764 571 860 633 ταύτα
882 573 1090 680 διαιροῦσαν,
1114 571 1280 677 μηδέποτε

237 663 373 766 χομένην
401 658 447 733 εἰς
472 662 551 740 μίαν
579 652 692 721 ούσιαν
714 655 845 736 ἕνωσιν,
878 653 920 733 ὡς
941 653 996 720 τδν
1019 653 1073 720 ἕνα
1094 661 1148 720 καὶ
1172 653 1228 719 τὸν
1250 646 1346 721 οὗ.

236 772 278 831 μη
269 743 472 853 δυναμένην
492 741 705 818 ἐπιδέξασθαι
726 740 839 850 λόγον,
861 742 973 809 εἴασαν
994 737 1142 845 άρρητον.
1188 744 1253 806 Δευ
1345 814 1348 819 Ι

238 835 296 940 δέ,
319 826 433 896 καθ’(
422 824 458 909 ἤν
480 824 496 907 5
520 827 573 892 διά
596 835 727 904 κτίσεως
749 853 785 892 το
774 822 890 893 εἰναι
911 831 1058 933 λαβοῦσα
1077 828 1279 912 σύμπασαφ
1313 828 1317 835 ’
1347 898 1350 905 ,

239 914 321 983 ύπδ
330 919 412 981 θεοῦ
440 919 611 1023 διαιρεῖται
639 914 685 990 εἰς
706 915 800 994 νοητά
823 921 878 980 καὶ
900 911 1053 994 αἰσθητά
1100 918 1237 1019 Τρίτην,
1345 916 1351 929 ’

239 998 275 1082 ἣν
296 998 313 1080 5
337 998 474 1080 αἰσθητῆ
498 998 595 1110 φύσις
615 1005 795 1085 διαιρεῖται
809 999 855 1076 εἰς
877 996 1014 1113 ούρανόν
1035 1025 1088 1065 και
1111 994 1343 1085 755'1’m'ss

238 1113 291 1168 την
320 1091 371 1170 55,
401 1085 480 1153 καθ’
510 1084 546 1167 ἣν
574 1083 591 1166 5
620 1113 657 1170 γη
644 1087 902 1196 διαιρεῖται
874 1112 919 1163 εις
940 1085 1139 1195 παράδεισον
1159 1089 1215 1151 καὶ
1238 1080 1346 1151 οἰκ*

236 1177 348 1259 μένην,
383 1179 437 1239 καὶ
463 1177 623 1282 πέμπτην,
652 1167 734 1238 καθ’
764 1169 801 1252 η“ν
829 1170 846 1237 5
870 1173 924 1238 555
952 1177 1069 1254 πᾶσιν,
1098 1171 1218 1280 ῶςπερ
1232 1197 1263 1236 τι
1283 1170 1340 1235 50

230 1262 322 1327 ’δ’λων
343 1258 609 1327 συνεκτικώτατον
631 1255 857 1368 ἐργαστήριον,
879 1265 933 1325 καί
953 1265 1034 1324 πᾶσι
1054 1269 1123 1334 τοῖς
1141 1256 1220 1323 κατὰ
1239 1260 1339 1325 5550

237 1344 437 1455 διαίρεσιν
422 1371 534 1431 ακροις
560 1339 601 1410 δι’
630 1341 728 1409 55155
749 1350 891 1430 φυσικῶς
910 1342 1084 1450 μεσιτείαν
1100 1342 1340 1430 άγαθοπρεπὴ

238 1430 316 1500 κατά
341 1437 464 1517 γένεσιν
485 1441 554 1507 τοῖς
576 1422 667 1497 ούσιν
689 1435 901 1540 55515525553
911 1429 1086 1518 άνθρωπος
1108 1435 1279 1542 διαιρεῖται
1296 1424 1336 1505 55

238 1518 336 1627 άρσεν
357 1524 411 1584 καί
434 1521 534 1622 θῆλυ,
557 1521 664 1583 πάσαν
683 1516 764 1602 ἔχων
782 1516 898 1598 555555
917 1521 1059 1623 φυσικῶς
1073 1528 1144 1593 ταῖς
1160 1521 1224 1582 τῶν
1241 1513 1335 1628 5555ss

237 1605 364 1671 πάντων
396 1601 550 1715 μεσότησι
585 1601 638 1668 διὰ
667 1608 721 1682 τῆς
746 1603 849 1712 πρὸς
856 1603 894 1668 τά
923 1602 1006 1688 άκρα
1033 1602 1138 1669 πάντα
1165 1606 1227 1669 τῶν
1256 1601 1337 1666 5151

236 1696 342 1799 μερῶν
364 1693 508 1801 ρ’χετικῆς
530 1688 743 1769 ἰδιότητος
709 1715 766 1769 την
787 1689 899 1775 πρός
891 1689 1004 1756 ἕνωσιν
1026 1689 1176 1774 δύναμιν,
1206 1685 1248 1752 δι’
1268 1672 1335 1791 535

238 1775 316 1845 κατά
344 1775 398 1880 τῆγ
426 1776 532 1841 αἰτίαν
560 1779 612 1855 τῆς
633 1780 694 1840 τῶν
715 1779 909 1864 διῃρημένων
930 1780 1079 1885 γενέσεως
1101 1772 1336 1879 συμπληρούμτ·

239 1889 292 1940 νος
328 1861 462 1972 τρόπος
480 1861 590 1945 έμελλε
625 1866 682 1926 τοῦ
715 1845 810 1928 θέίου
845 1867 971 1929 σκοπού
999 1860 1035 1927 55
1062 1865 1144 1946 μέγα
1168 1859 1337 1967 μυστήρια*

237 1950 368 2061 ἔκδηλον
387 1945 462 2013 55‘
449 1951 564 2013 εαυτού
584 1952 795 2028 καταστῆσαι,
818 1946 873 2055 την
894 1947 977 2037 πρός
998 1947 1133 2028 άλληλα
1140 1951 1203 2012 τῶν
1225 1946 1258 2012 ἰν
1278 1952 1338 2019 τοῖς

238 2029 329 2102 ούσιν
342 2033 469 2145 άκρων
493 2032 736 2143 δναρμονίως’
717 2033 782 2099 απδ
810 2039 872 2100 τῶν
900 2038 1065 2146 προςεχῶν
1086 2033 1139 2099 555
1161 2060 1200 2098 55
1190 2026 1340 2120 πόρρΙ,

237 2128 291 2188 καὶ
312 2125 374 2186 τῶν
394 2119 531 2234 ἡμιόνων
553 2120 665 2186 ἐπὶ
629 2146 666 2185 τα
688 2127 852 2205 κρείττονα
875 2117 1053 2201 καθεξῆς’
1033 2123 1229 2198 ανατατικῶς
1249 2128 1342 2223 προίὲ

238 2213 352 2318 οὖσαν,
386 2208 432 2282 εἰς
458 2203 587 2272 θεὸν
567 2206 820 2316 αποπερατῶσας
848 2207 971 2274 ενωσιν
1030 2205 1156 2272 Τούτου
1185 2203 1222 2319 55
1249 2224 1339 2311 χαιτ

237 2293 371 2403 ἔσχατος
398 2290 594 2375 έπειςάγεται
622 2304 690 2369 τοῖς
718 2285 810 2359 ούσιν
839 2290 857 2358 5
869 2292 1077 2405 ἄνθρωπος,
1106 2292 1209 2359 οἱονεὶ
1235 2291 1277 2358 σύ
1309 2312 1338 2355 τε

237 2377 321 2484 σμός
344 2405 392 2456 τις
413 2377 549 2463 φυσικός
570 2388 638 2454 τοίς
659 2379 806 2444 καθόλου
828 2377 881 2444 διά
903 2384 965 2445 τῶν
988 2379 1115 2446 οἰκείων
1130 2383 1239 2466 μερῶν
1252 2398 1346 2484 μεσιι·Ι

241 2467 336 2572 τεύων
358 2463 486 2576 άκρρις,
515 2471 569 2530 καί
591 2463 637 2540 εἰς
657 2465 692 2531 ἓν
714 2461 799 2548 άγων
821 2465 890 2530 ἐν
876 2469 983 2555 εαυτῷ
998 2465 1036 2530 τδι
1059 2470 1170 2554 πολλῶ
1190 2491 1269 2532 κατα
1258 2460 1338 2543 555

240 2553 351 2664 φύσιν
358 2549 500 2630 ἀλλήλων
521 2554 707 2631 διεστηκοτα
732 2577 772 2639 τῳ
760 2530 1032 2660 διαστήματι,
1020 2578 1071 2617 ινα
1088 2556 1141 2632 τῆς
1151 2530 1240 2641 πρὸς
1257 2546 1337 2629 θεόν,

77 2654 124 2694 θεέ
140 2637 263 2694 ΨΜ·
225 2665 282 2716 ως
317 2639 435 2716 αἰτιον,
472 2636 510 2701 τά
544 2636 645 2701 πάντα
679 2617 874 2721 συναγούσης
901 2637 1057 2720 ένῶσεως,
1082 2637 1134 2724 Ι
1120 2663 1154 2704 εκ
1183 2643 1237 2719 τῆς
1263 2637 1337 2710 ἰδίας
1375 2692 1380 2701 .

240 2724 420 2834 πρότερον
432 2720 607 2824 ἀρξάμενος
646 2727 867 2829 διαιρέσεως,
884 2727 1022 2803 καθεξῆς
1058 2724 1111 2789 διὰ
1146 2729 1208 2789 τῶν
1241 2726 1337 2827 μέσων

239 2812 360 2918 εἰρμῶ
368 2813 422 2874 καὶ
448 2806 534 2883 τάξει
560 2815 743 2919 προβαίνων
766 2810 812 2885 εἰς
833 2807 889 2875 τόν
911 2809 992 2876 θεόν
1012 2809 1111 2922 λάβη
1116 2809 1152 2876 τδ
1175 2813 1275 2914 πέρας
1294 2809 1338 2886 τῆς

240 2895 292 2960 διά
314 2893 439 2960 πάντων
458 2892 536 2959 κατά
559 2889 614 2972 τῆν
636 2895 748 2961 ἕνωσιν
769 2900 933 2980 γινομένης
944 2892 1073 3007 555559
1091 2893 1289 2981 ἀναβάσεως,
1310 2891 1337 2959 ἰτ

240 2975 266 3066 ᾧ
297 2977 353 3046 ούκ
382 2979 450 3047 ἐστι
457 2983 654 3089 διαίρεσις,
684 2981 738 3062 τὴν
763 2980 955 3094 μηδαμῶς’
937 2986 1108 3068 ηρτημένην
1129 2986 1246 3093 δηλαδὴ
1268 2974 1337 3048 κατά

240 3068 295 3133 τὸν
322 3065 561 3155 προηγούμενον
581 3063 738 3149 λόγον
702 3093 754 3147 της
775 3075 849 3154 περὶ
870 3067 925 3149 τὴν
946 3072 1070 3178 γένεσιν
1092 3073 1149 3134 τού
1170 3066 1338 3174 οἰνθρυίπου

240 3161 332 3231 θείας
359 3157 553 3263 προθέσεως
580 3155 661 3217 κατὰ
687 3153 723 3219 τδ
754 3158 837 3234 θῆλυ
866 3161 920 3220 καί
949 3155 985 3220 τδ
1015 3153 1112 3240 άρσεν
1140 3154 1282 3235 ἰδιότητα
1307 3150 1338 3242 τῇ

239 3247 313 3325 περὶ
336 3239 390 3320 τὴν
412 3236 548 3306 θείαν’
528 3237 641 3348 αρετῆν
662 3236 870 3328 άπαθεστάτη
893 3245 1001 3352 σχέσει
1022 3241 1131 3321 πάντη
1149 3246 1203 3322 τῆς
1187 3240 1337 3346 ςφύσειρς

240 3326 494 3410 ἐκτιναξάμενος,
529 3325 606 3401 ῶςτε
640 3329 811 3431 δειχθῆναί
845 3352 877 3392 τε
912 3336 966 3393 καὶ
1001 3332 1152 3411 γενέσθαι
1185 3325 1265 3393 κατὰ
1292 3322 1337 3404 τίμ

239 3420 335 3479 θείαν
356 3412 548 3498 πρόθεσιν’
560 3409 735 3516 άνθρωπον
754 3411 874 3516 μόνον,
896 3417 933 3504 55
954 3413 1033 3479 κατὰ
1056 3413 1092 3480 τδ
1116 3412 1214 3525 άρσεν
1235 3410 1336 3480 καὶτὸ

239 3504 321 3579 θῆλυ
349 3503 553 3607 προςηγορίρ
572 3494 615 3580 μὴ
639 3497 891 3610 διαιρούμενον,
913 3482 1036 3565 555²n
1016 3526 1054 3565 ον
1075 3506 1129 3567 καί
1151 3498 1337 3608 προηγουμέ-

240 3612 299 3663 νως
328 3589 486 3668 γεγένηται
516 3584 614 3667 λόγον
643 3595 710 3660 τοῖς
739 3590 791 3650 νύν
818 3591 892 3690 περὶ
923 3582 1019 3651 αύτδν
1048 3579 1120 3654 ούσι
1142 3587 1283 3671 τμύμοισι
1301 3578 1336 3687 μί

238 3670 464 3780 μεριζόμεγον,
492 3668 545 3734 διὰ
574 3668 628 3750 555
651 3675 772 3736 τελείαν
774 3668 882 3781 πρός
897 3670 952 3736 τὸν
975 3669 1125 3755 ἴδιον,ε
1103 3695 1145 3748 ως
1168 3672 1261 3782 ἔφην,
1289 3667 1337 3734 55·

239 3784 296 3842 γον
318 3754 397 3821 καθ’
421 3757 458 3821 ὅν
480 3755 566 3821 ἐστιν
587 3764 722 3866 γνῶφιν·
757 3750 825 3822 εἶτα
848 3754 904 3823 τόν
915 3757 1138 3868 παράδεισον
1144 3766 1198 3824 καὶ
1221 3758 1274 3838 555
1295 3755 1337 3821 οἰ·
1361 3754 1380 3807 ·'

239 3848 391 3927 κουμένην
419 3839 472 3907 διά
501 3846 553 3946 τῆς
581 3843 702 3919 οἰκείας
730 3839 946 3952 άγιοπρεπούς
973 3842 1095 3950 ρίγωγῆς
1115 3843 1255 3952 μμένῶσας
1270 3850 1337 3951 μίαν
1376 3846 1380 3869 ¹

239 3928 384 4008 ποιήσειε
402 3933 476 4034 γῆν,
496 3954 541 4036 μη
529 3924 779 4037 διαιρουμένην
801 3927 886 4017 αύτῷ
907 3928 986 3995 κατά
1009 3928 1063 4039 555
1086 3936 1147 3996 τῶν
1168 3937 1272 4018 μερῶν
1292 3923 1338 4034 αἰ·

240 4018 292 4092 τῆς
315 4011 510 4124 διαφοράν,
508 4009 601 4079 5555
621 4020 745 4122 555555
767 4020 998 4099 συναγομένην,
1026 4015 1068 4093 ὡς
1071 4021 1258 4128 μηδεμίαν
1266 4011 1339 4102 πρός

238 4104 335 4183 μηδὲν
356 4106 417 4204 τῶν
439 4098 533 4180 αύτῆς
555 4097 722 4209 55575755
742 4101 884 4167 παθόντι
902 4107 1024 4206 μερῶν
1053 4097 1123 4169 εἶτα
1143 4101 1297 4207 ούρανδν
1294 4104 1337 4169 καὶ

239 4189 296 4268 γῆν
323 4184 443 4264 ένῶσας
472 4182 524 4252 διά
554 4185 609 4265 τῆν
636 4186 718 4274 πρὸς
746 4185 897 4272 άγγέλους
924 4193 977 4266 τῆς
1008 4189 1085 4267 ζωῆς
1112 4197 1206 4255 παντί
1240 4187 1339 4275 τρόπῳ

308 4398 334 4449 2.
358 4397 386 4445 15
404 4400 554 4464 apographo
573 4414 629 4451 meo
648 4401 733 4451 inveni
752 4393 914 4464 ἀνθρώπου.
