2752 4778
223 220 295 301 166

220 429 307 486 τιον,
340 401 376 467 τό
407 405 442 467 66
468 399 520 502 μῆ
534 394 695 480 άναέτιον,
725 405 858 463 κινεῖται
879 390 1008 473 πάντας
1028 392 1080 461 66'
1091 396 1221 480 αλτὲαν,
1247 394 1314 483 ἕνη·

219 488 374 600 γοάμενον
403 484 551 567 δηλονότι
573 484 609 550 τό
633 488 796 551 κινεῖσθαι
818 485 961 592 φυσικῶς
981 478 1043 547 6666
1066 487 1122 562 τῆς
1142 478 1316 563 αλσὲαςιὲἕ

220 574 256 656 66
277 580 332 641 καὶ
353 573 447 683 πρός
456 569 494 653 ῆν
514 582 658 638 ποιεῖται
676 569 731 650 τῆν
748 575 881 649 κίνησιν.
922 564 1091 646 ’Λναιτίως
1107 567 1173 680 γάρ
1193 566 1372 655 οὲιλυμὲς

220 673 352 728 κινεῖται
371 655 447 726 καθ
467 658 649 737 0606666666
667 655 790 747 τρόπον
807 658 869 721 τῶν
871 658 1078 764 κινουμένων
1094 652 1202 723 οέδὲν.
1236 652 1323 743 Ἀριῆ

221 752 255 814 66
282 747 386 826 πάσης
401 744 565 850 ’,κινήσεως
593 740 727 829 φυσικῆς
757 737 882 810 ἐστιν’
865 768 883 821 η
905 744 968 807 τῶν
988 742 1189 851 κινουμένων
1208 744 1333 828 γέννας,
1364 786 1372 815 -,

221 831 301 939 άρχῆ
325 837 360 898 66
381 829 435 911 τῆς
457 834 518 895 τῶν
539 832 732 915 κινουμένων
750 824 943 913 γενέσεως“
925 854 944 894 ο
965 823 1116 911 θεὸς,”
1089 853 1136 906 ως
1155 850 1326 939 γενεσιυτρ·

221 919 287 1005 γός
334 916 399 997 Τῆς
420 921 455 982 66
478 920 538 981 τῶν
559 918 771 1029 γεγενημένων
792 917 927 1022 φυσικῆς
948 917 1099 999 γενέσεως
1115 912 1247 1023 τέλος“
1229 938 1328 997 ηστα·
1366 958 1370 967 ·

222 1026 273 1082 σις
302 1004 403 1083 ἐστὶν,
432 1000 470 1082 ῆν
499 1012 592 1068 ποιεῖ
617 1001 743 1078 πάντως
762 999 848 1108 μετά
864 997 919 1080 τῆν
907 1000 1113 1112 διάβασιν·
1113 1006 1190 1068 τῶν
1202 1026 1327 1109 πεπυρα-

221 1087 393 1178 σμένων
377 1117 394 1169 η
428 1086 575 1175 ἀπειρία,
609 1080 695 1211 6¹6
675 1115 693 1180 η
728 1085 781 1152 όιό
811 1084 848 1152 τό
874 1086 919 1168 μῆ
948 1080 1029 1153 εἶναι
1058 1086 1225 1197 διάστημα
1250 1092 1327 1157 πόσι

221 1188 360 1244 ποιεῖται
389 1181 512 1256 κίνησις
533 1179 596 1240 τῶν
617 1176 782 1282 1φυσικῶν
803 1176 1009 1257 κινουμένων,
1041 1169 1100 1240 οέκ
1120 1172 1248 1284 έγσυσα
1266 1180 1328 1243 λοι·

221 1262 285 1330 σόν
307 1262 386 1329 ὅσοι
409 1286 441 1326 τε
463 1266 517 1327 καλ
538 1264 606 1338 πῶς
623 1263 678 1327 κοιλ
695 1257 778 1370 πρός
796 1261 828 1324 τί
843 1256 1075 1340 κινηθῆναι,
1052 1285 1096 1338 ως
1112 1285 1171 1327 τον
1190 1257 1328 1369 όρίζοσιι
1369 1332 1372 1341 ,

221 1356 276 1417 καὶ
298 1345 393 1462 66666
416 1347 470 1427 τὴν
491 1344 596 1428 πάσης
618 1343 782 1457 όριστικλρν
803 1344 955 1425 κινῆσεως
976 1344 1128 1458 66666666
1144 1345 1232 1415 θτόν
1252 1344 1330 1423 τέλος

222 1433 265 1514 ῶς
289 1436 394 1500 αἴτιον
382 1433 587 1544 έγουσα.
591 1433 704 1512 Πάσης
727 1458 785 1498 ουν
780 1431 960 1540 γενέσεῶς
979 1444 1013 1499 τε
1033 1439 1088 1499 καλ
1105 1433 1329 1514 κινῆσεωςτῶν

223 1521 340 1600 όντων,
349 1520 542 1631 άργη
475 1546 530 1585 και
552 1522 642 1596 τέλος
664 1513 791 1587 ἐστὶν
774 1545 792 1585 ο
815 1514 960 1596 θεὸς,ε
936 1543 980 1596 ως
1001 1515 1096 1597 ἕξ
1056 1544 1154 1587 αυτυυ
1139 1522 1329 1627 γεγενημὲ-
1369 1552 1372 1560 ·

223 1634 284 1673 νων
305 1613 359 1673 καὶ
382 1610 413 1671 66
444 1601 542 1671 66606
560 1608 769 1691 κινουμένων,
790 1610 844 1669 καὶ
862 1606 909 1681 εἷς
926 1601 1024 1670 66666
1040 1603 1095 1686 τῆν
1112 1607 1233 1675 στάσιν
1247 1622 1330 1703 ι’τοιη·

224 1698 399 1800 νομένων.
433 1690 546 1770 Πάσης
574 1694 610 1758 66
640 1695 775 1796 φυσικῆς
801 1696 865 1756 τῶν
894 1689 995 1756 όντων
1022 1691 1177 1773 κινήσεως
1204 1698 1332 1801 προσκν-

62 1811 110 1852 rod.
122 1806 212 1850 666.
224 1792 343 1847 νοεῖται
381 1775 399 1858 6
433 1781 571 1862 γένεσις,
605 1777 709 1888 πάσης
738 1781 774 1843 66
800 1776 943 1854 στάσεως
969 1790 1218 1863 προεπινοεῖται
1236 1786 1244 1865 Ι
1260 1776 1332 1849 κατέ

224 1890 321 1976 φυσιν
340 1893 356 1944 η
379 1871 511 1945 κίνησις.
554 1864 597 1927 Εἰ
620 1856 676 1930 οόν
699 1862 850 1944 κινῆσεως
870 1876 1114 1972 προεπινοεῖται
1136 1865 1221 1934 κατά
1244 1866 1333 1973 φάσιν

224 1982 239 2031 η
263 1955 398 2036 γένεσις,
433 1949 584 2030 κινῆσεως
612 1954 648 2016 66
673 1959 909 2061 μετεπινοεῖται
938 1948 1017 2016 κατά
1047 1952 1162 2063 φάσιν
1175 1980 1195 2034 η
1218 1976 1334 2035 σιασις,

223 2042 344 2123 γένεσις
366 2036 513 2118 δηλονότι
535 2043 589 2102 καὶ
612 2036 726 2113 στάσις
747 2029 829 2102 εἶναι
853 2040 915 2102 τῶν
936 2037 1003 2121 ἅμα
1025 2037 1105 2104 κατά
1128 2037 1187 2120 τῆν
1204 2038 1334 2150 ὕπαρξιν

223 2124 401 2231 άμῆχανυν,
424 2120 567 2203 άλλῆλωυ
585 2118 681 2200 αότόις
693 2127 841 2233 φυσικῶς
861 2123 1124 2234 ’διείργουσαν”
1104 2150 1243 2234 6666666
1260 2124 1332 2195 κατέ

225 2208 262 2278 τό
282 2215 384 2296 μέσον
407 2209 615 2289 τὴνκίνησιν
660 2214 706 2274 Ου
728 2234 789 2295 γαρ
812 2207 933 2317 φυσικὴ
951 2211 1093 2297 ἐνέργεια
1114 2217 1169 2293 τῆς
1189 2217 1334 2328 γενὲσσαςΙ

225 2301 287 2365 τῶν
313 2299 506 2404 κινουμένων
534 2292 551 2374 6
583 2295 696 2373 στάσις
724 2300 828 2378 ἐστὶν,
856 2290 936 2361 άλλά
967 2300 1115 2375 τέλος
1078 2324 1133 2378 της
1153 2293 1223 2367 κατ’
1244 2296 1333 2381 66666'

220 2377 430 2494 666666666'
413 2411 429 2493 6
460 2381 687 2491 ἕνεργείος,’
668 2410 685 2463 6
716 2382 803 2459 ὅπως
830 2380 870 2447 άν
897 2401 946 2456 τις
975 2381 1086 2451 έθέλοι
1108 2388 1207 2453 τοῦτο
1229 2390 1335 2493 λέγων.

220 2466 317 2534 'En'
303 2475 444 2578 ενεργείηι
458 2467 547 2580 γάρ
545 2468 584 2533 τά
605 2466 765 2578 γενόμενα
778 2472 904 2575 γέγονε,
925 2473 1016 2535 πάσα
1037 2474 1072 2537 66
1093 2470 1240 2581 ἐνέργεια
1257 2470 1334 2579 πρός

225 2583 255 2621 τι
283 2554 413 2633 τέλος
400 2562 502 2638 εστὶν,
531 2555 587 2621 ἵνα
606 2553 650 2639 μῆ
672 2553 791 2636 άιελής.
848 2552 897 2621 Τό
897 2553 980 2662 γάρ
1003 2559 1094 2635 τέλος
1112 2557 1239 2647 μῆέχο
1239 2562 1334 2627 ντὸν

225 2642 303 2709 κατὰ
334 2640 433 2752 φάσιν
461 2640 625 2750 ἐνεργειῶν
654 2640 729 2707 0666
750 2641 908 2708 τέλειόν
894 2666 979 2725 εστι,
1008 2647 1098 2722 τέλος
1118 2647 1156 2711 66
1176 2650 1242 2713 τῶν
1261 2642 1335 2713 κατέ

226 2728 322 2835 φάσιν
350 2727 531 2832 ἐνεργειῶν,
559 2723 577 2806 6
607 2731 660 2807 τῆς
681 2725 764 2810 πρός
786 2727 823 2794 τό
846 2729 952 2794 αἴτιον
974 2733 1035 2797 τῶν
1046 2734 1269 2835 γεγενημένων
1287 2756 1334 2799 κι-

225 2814 343 2894 νῆσεως
365 2812 487 2889 στάσις
530 2807 645 2878 οἶον“
632 2839 685 2879 ινα
708 2814 776 2892 ἕξ
763 2811 835 2892 ενός
856 2814 916 2881 τόν
935 2818 988 2881 666
1008 2817 1136 2885 πάντων
1157 2822 1224 2886 τῶν
1241 2817 1334 2887 όνὶαν

225 2898 468 3009 κατανοήσωμεν
490 2903 551 2979 τῆς·
564 2899 716 3012 κινήσεως
735 2900 875 2987 τρόπον,
903 2897 920 2980 6
942 2899 1045 2987 φυγὴ,
1068 2897 1166 2971 οέσία
1186 2904 1287 2993 νοερό
1305 2928 1335 2973 σε
1369 2904 1372 3013 6

225 3012 279 3053 και
268 2982 439 3071 λογικῆ
424 2985 624 3072 υιτάργουσα,
646 2993 701 3053 καὶ
719 2998 791 3054 6666
804 2994 857 3054 καὶ
876 2989 1046 3072 λογίζεται,
1066 2989 1203 3100 δύναμιν
1220 2992 1336 3099 έχουσι
1370 3062 1372 3067 ,

226 3071 282 3139 τόν
315 3077 408 3155 νοῶν,
442 3079 566 3154 κίνησιν
594 3077 630 3139 66
657 3071 712 3154 τῆν
740 3074 866 3155 νόησιν,
904 3073 1062 3160 ἐνέργειαν
1088 3080 1129 3143 66
1156 3075 1194 3144 τό
1226 3078 1335 3165 νόημα·

225 3163 345 3265 Πέρας
365 3157 426 3270 γάρ
460 3164 554 3225 τοῶτο
586 3163 638 3240 τῆς
666 3185 698 3225 τε
726 3165 784 3226 τοῦ
811 3163 963 3238 νοοῦντος
992 3168 1046 3228 καὶ
1078 3166 1136 3229 666
1163 3168 1336 3358 νοσοφιὲνυι

223 3245 362 3326 νοῆσεῶς
383 3245 487 3329 εστιν,
509 3241 552 3323 ῶς
573 3245 815 3353 περιοριστικόν
837 3252 890 3328 τῆς
910 3247 993 3356 πρὸς
1014 3246 1135 3331 άλληλα
1153 3277 1218 3319 των
1257 3273 1335 3339 σραν
1369 3334 1372 3345 Ι

225 3328 368 3418 ὑπάρχον
384 3335 546 3439 σχέσεως
596 3336 732 3398 Νοοῶσα
762 3330 825 3443 γάρ
853 3331 870 3413 6
900 3332 986 3441 φυχῆ
1013 3337 1144 3402 ἵσταται
1174 3338 1236 3404 666
1253 3346 1338 3407 ναῶν

224 3418 326 3485 έκεῖνο
356 3416 393 3484 τό
426 3423 544 3498 νοηθὲν
566 3415 668 3530 μετά
680 3417 733 3500 τῆν
763 3416 861 3485 66606
889 3418 1011 3500 νόησιν
1065 3421 1114 3488 T6
1137 3422 1200 3509 γάρ
1223 3426 1337 3506 νυηθὲν

224 3511 340 3592 κυριως
361 3504 463 3584 άπαξ,
486 3501 543 3571 066
564 3504 611 3572 έτι
634 3503 690 3585 τῆν
710 3503 794 3616 πρὸς
812 3506 849 3572 τό
870 3510 1026 3587 νοηθῆναι
1044 3508 1142 3575 πάλιν
1160 3509 1336 3579 ἕνναλελνιιι

225 3595 279 3671 τῆς
308 3591 411 3676 ψυχῆς
440 3591 598 3702 δύναμιν,
629 3596 683 3657 καὶ
689 3589 835 3658 666³⁰
818 3617 954 3659 εκαστον
983 3592 1087 3679 νόημα
1114 3594 1198 3663 οότω
1227 3596 1337 3669 στάσιν

218 3680 350 3782 (λέγεται
379 3682 432 3786 τῆς
458 3684 556 3754 ποίας
584 3677 637 3743 ἐπὶ
668 3683 714 3766 τῶ
742 3677 875 3763 νοῆματι
905 3682 962 3746 666
989 3684 1163 3761 νοηθέντος
1191 3683 1334 3766 νοῆσιας

218 3754 333 3830 Ἦνίκα
357 3754 414 3828 οὖν
434 3763 538 3828 πάντα
560 3762 598 3828 τά
621 3742 763 3874 νοῆμυιυ
787 3769 850 3832 τῶν
871 3770 1050 3850 νοουμένων
1073 3766 1201 3835 πάντων
1224 3771 1336 3851 6666-

225 3855 286 3916 τῶν
308 3875 340 3916 τε
362 3854 416 3916 καὶ
440 3853 559 3929 νοητῶν
581 3847 661 3916 κατά
685 3849 739 3931 τὴν
761 3850 873 3932 νόησιν
889 3857 1047 3962 πυρέλθη,
1068 3853 1216 3960 παάστυιι,
1237 3856 1335 3939 ῶςσσρ

224 3940 286 4002 τῶν
316 3937 495 4043 νοουμένων
517 3932 683 4016 ἁπάντων,
714 3937 797 4003 σέτω
820 3944 873 4004 καὶ
896 3964 950 4018 της
973 3939 1048 4019 όλης
1069 3940 1212 4022 νοῆσεῶς
1232 3968 1266 4012 τι
1286 3947 1335 4011 καλ

226 4025 364 4107 σχέσεως
380 4020 464 4130 πρός
485 4019 522 4086 τά
546 4022 643 4131 σχευά
665 4022 768 4089 πάντα
790 4031 845 4090 καλ
867 4023 978 4104 νοητά,
1003 4021 1060 4091 οόκ
1081 4026 1204 4113 ἕχουσα
1223 4028 1334 4098 λοιπόν

224 4114 257 4173 τί
275 4112 390 4188 νοῆσαι
414 4107 450 4173 τό
473 4106 665 4220 παράπαν,
665 4106 756 4219 μετά
780 4110 834 4191 τῆν
856 4115 918 4176 τῶν
938 4116 1096 4193 νοηθῆναι
1119 4120 1267 4200 φυσικῶς
1285 4119 1334 4183 ἕν·

225 4196 365 4279 νομένων
394 4192 520 4278 νόησιν,
550 4191 665 4279 666³t
652 4191 690 4275 ῆν
721 4193 799 4280 6666
830 4202 906 4264 νοῦν
933 4204 987 4264 καὶ
1017 4197 1118 4284 λόγον
1146 4208 1201 4268 καὶ
1224 4206 1333 4286 γνῶσιν

295 4406 318 4458 l.
338 4405 460 4456 Fortasse
478 4404 610 4472 φυσικῶς.
