2752 4778
1187 202 1259 286 229

140 388 332 452 commoveri
359 388 487 464 eiusque
509 387 752 463 perceptionibus
774 388 860 448 inniti
883 389 977 450 iubet.
1032 390 1069 451 at
1089 395 1165 468 ipsis
1188 410 1260 456 vero

141 477 283 552 corporis
312 475 455 535 sensibus
487 473 657 534 secundum
688 473 866 534 diviniorem
896 477 1044 537 rationem
1074 481 1118 539 eis
1149 497 1260 542 conve·

139 564 299 631 aientem,
320 561 437 621 institui
459 561 545 620 aiunt
567 561 689 620 animae
711 559 887 632 facultates,
915 568 950 621 ut
972 564 1080 637 quibus
1103 565 1141 625 ad
1164 583 1260 644 agen·

140 648 220 710 ᾱιιω
248 645 396 724 paulatim
424 648 628 722 instruantur,
659 646 827 706 rationibus
850 647 990 708 nimirum
1014 665 1093 724 quae
1114 652 1143 709 in
1167 655 1258 714 rebus

141 734 351 798 existentibus
380 733 475 792 insint
505 728 771 808 apprehendendis
794 749 830 792 ac
853 734 1071 810 percipiendis,
1105 754 1161 813 per
1183 754 1259 813 quas

141 820 241 883 veluti
276 835 331 896 per
362 818 480 879 litteras
517 818 666 894 quasdam
701 819 745 876 eis
779 820 827 893 qui
855 820 1013 880 oculorum
1043 824 1073 881 iu
1103 825 1258 886 veritatem

141 909 246 970 aciem
275 905 437 966 intendunt
465 904 541 964 deus
572 921 673 963 sermo
700 903 818 981 legitur.
885 905 970 965 Unde
1003 912 1033 966 et
1066 910 1259 986 exemplares

138 994 270 1054 animae
297 991 475 1051 facultatum
506 991 655 1068 imagines
685 1006 796 1050 sensus
827 999 1027 1069 vocaverunt,
1062 1011 1131 1055 cum
1161 1012 1258 1058 unus·

140 1081 278 1158 quisque
307 1094 419 1138 sensus
450 1094 520 1137 cum
548 1080 750 1138 instrumento
779 1080 851 1150 suo,
882 1079 1046 1153 unicuique
1069 1083 1191 1143 animae
1213 1083 1259 1143 la·
1346 1070 1350 1077 ’

141 1166 252 1228 cultati
288 1164 503 1224 convenienter
538 1166 654 1224 ratione
691 1164 790 1241 magis
827 1166 957 1240 mystica
993 1165 1030 1224 de
1066 1169 1212 1244 principio
1240 1185 1259 1229 a

143 1249 259 1314 natura
281 1250 451 1311 adtributus
474 1252 523 1309 sit.
570 1252 613 1310 Ac
635 1249 789 1310 facultatis
812 1250 1023 1328 intellegendi,
1050 1255 1115 1313 sive
1137 1256 1258 1329 mentis,

142 1340 264 1413 visum,
294 1336 453 1397 rationalis
485 1351 576 1407 vero,
607 1338 671 1396 sive
702 1337 852 1395 sermonis
883 1336 1036 1412 auditum,
1068 1341 1160 1399 animi
1183 1340 1228 1400 olf
1244 1373 1258 1385 ·

141 1433 246 1499 ctum,
282 1424 548 1499 concupiscentiae
583 1428 723 1499 gustum,
762 1423 860 1483 vitalis
888 1428 1002 1484 tactum
1031 1441 1102 1486 esse
1133 1442 1259 1487 sensum

140 1512 268 1584 dicunt,
305 1515 398 1584 alque
431 1508 607 1584 simpliciter
639 1515 670 1568 ut
704 1507 816 1568 clarius
847 1524 895 1568 me
925 1512 1111 1590 exprimam,
1148 1515 1259 1574 mentis

141 1597 270 1675 quidem
292 1597 394 1674 imago
417 1601 465 1656 est
486 1596 587 1669 visus,
620 1595 680 1656 hoc
701 1600 749 1654 est
771 1595 895 1666 oculus,
927 1599 1079 1657 sermonis
1103 1603 1151 1658 est
1173 1599 1259 1659 audi-

141 1692 212 1760 tus,
246 1681 306 1742 hoc
328 1688 377 1743 est
399 1683 499 1757 auris,
534 1682 626 1741 animi
648 1686 695 1741 est
718 1680 864 1753 olfactus,
893 1680 953 1742 hoc
975 1690 1023 1744 est
1046 1700 1157 1756 nasus,
1186 1702 1259 1746 con-

139 1770 353 1847 cupiscentiae
375 1774 422 1828 est
445 1773 572 1846 gustus,
597 1773 688 1843 atque
708 1770 787 1826 vitae
810 1773 858 1828 θεῖ
879 1773 997 1843 tactus;
1026 1772 1135 1845 quibus
1158 1773 1260 1831 anima

144 1855 319 1918 secundum
343 1855 408 1929 dei,
440 1856 489 1929 qui
512 1859 622 1914 cuncta
645 1855 799 1929 sapienter
822 1855 965 1928 instituit,
989 1856 1088 1933 legem
1111 1858 1259 1918 naturali·

139 1940 193 2005 ier
222 1942 353 2002 innitens
376 1956 526 2017 persnas
549 1940 729 2013 facultates,
760 1940 850 1999 etad
873 1942 1031 2001 sensibilia
1052 1944 1136 2002 varie
1157 1950 1260 2003 trans-

144 2029 257 2100 ducta,
295 2029 321 2088 si
343 2028 420 2087 bene
441 2043 496 2102 per
516 2026 679 2087 facultates
703 2041 777 2086 suas
800 2042 859 2087 usa
881 2027 970 2086 fuerit
991 2030 1021 2086 in
1045 2028 1258 2104 multiplicibus

145 2130 251 2177 rernm
273 2114 441 2175 rationibus
465 2112 660 2192 colligendis,
690 2111 780 2171 etad
803 2114 958 2188 seipsam
982 2115 1135 2190 sapienter
1157 2120 1259 2176 trans·

145 2202 227 2265 ferre
254 2201 385 2277 potuerit
413 2200 558 2259 universa
587 2214 665 2274 quae
695 2198 789 2258 oculis
819 2199 958 2258 obiacent
985 2201 1017 2258 in
1049 2202 1158 2275 quibus
1182 2201 1258 2261 deus

145 2288 261 2350 tacitus
288 2301 400 2364 praeco
429 2285 596 2356 delitescit,
626 2283 864 2361 pulcherrimum
887 2287 976 2345 eliam
999 2287 1066 2362 ipsa
1089 2287 1127 2346 de
1149 2287 1260 2346 volun-

145 2380 212 2444 tate
240 2375 271 2433 in
296 2372 456 2434 intellectu
481 2378 510 2432 et
533 2371 722 2448 spiritualem
745 2370 891 2431 mundum
914 2373 1032 2443 condit,
1063 2373 1259 2450 generalibus

147 2464 292 2539 quattuor
323 2459 483 2520 virtutibus
517 2458 736 2518 elementorum
765 2459 795 2516 in
825 2457 948 2517 modum
978 2460 1056 2519 inter
1087 2477 1121 2520 se
1150 2460 1259 2521 iunctis

147 2546 188 2609 ad
218 2546 324 2606 mundi
350 2545 584 2624 intellegibiliter
605 2544 675 2603 inde
697 2547 728 2603 ia
752 2543 859 2618 spiritu
880 2546 1112 2605 consummandi
1135 2563 1260 2622 compa-

140 2633 353 2713 ginationem,
376 2632 517 2692 nimirum
537 2632 610 2690 dum
629 2647 683 2707 pro
703 2645 786 2689 nexu
805 2635 836 2688 et
857 2630 1057 2706 applicatione
1080 2632 1259 2694 facultatum

146 2721 246 2798 ipsius
272 2719 302 2778 in
332 2733 445 2778 sensus
476 2718 604 2777 actionis
633 2717 771 2794 singulas
795 2717 921 2778 virtutes
945 2719 1040 2779 sistit:
1074 2724 1106 2778 ut
1128 2720 1261 2795 pruden-

145 2808 222 2867 tiam
257 2821 296 2865 ex
330 2804 469 2883 gnostica
502 2810 532 2864 et
565 2803 662 2880 perita
694 2802 906 2864 intellectualis
940 2811 970 2865 et
1002 2805 1160 2867 rationalis
1190 2823 1260 2867 cum

147 2907 294 2955 sermone
323 2891 503 2953 facultatum
537 2889 576 2950 ad
610 2888 731 2950 videndi
764 2889 970 2965 audiendique
1006 2909 1131 2952 sensum
1165 2893 1261 2969 appli-

137 2984 288 3041 catarum
317 2979 398 3038 circa
427 2977 584 3036 sensibilia
617 2991 675 3035 sua
708 2976 843 3052 actione3
882 2976 1089 3038 fortitudinem
1119 2995 1190 3040 vero
1215 2986 1261 3039 'ex

147 3081 272 3128 summa
300 3065 393 3124 animi
423 3063 461 3122 ad
491 3063 650 3136 olfactum,
687 3063 746 3122 hoc
777 3067 824 3122 θεῖ
854 3079 982 3134 nasum,
1018 3066 1049 3123 in
1079 3081 1138 3140 quo
1169 3065 1262 3124 animi

147 3153 286 3229 spiritum
317 3150 422 3210 sedem
445 3149 560 3210 habere
583 3148 702 3218 dicant,
732 3148 873 3224 applicati
897 3150 978 3209 circa
1001 3166 1091 3210 suum
1116 3149 1262 3210 sensibile

146 3237 320 3301 secundum
349 3238 501 3297 actionem
531 3235 764 3310 aequabilitate3
799 3237 1030 3310 temperantiam
1054 3253 1093 3296 ex
1116 3237 1261 3312 concupi-

146 3325 308 3387 scentiosa
333 3322 487 3384 facultatis
518 3321 558 3382 ad
587 3327 709 3398 gustum
739 3320 912 3397 applicatae
942 3324 1020 3382 circa
1049 3340 1140 3382 suum
1163 3323 1261 3382 sensi-

146 3412 209 3474 bile
238 3409 397 3471 moderato
430 3425 506 3484 usu;
547 3409 693 3468 iustitiam
727 3425 765 3468 ex
798 3423 899 3483 aequa
933 3413 962 3467 et
995 3409 1135 3469 ordinata
1169 3414 1199 3469 θῖ
1230 3411 1261 3468 in

146 3498 267 3561 cunctis
297 3495 451 3570 aequabili
479 3510 534 3571 per
556 3499 672 3555 tactum
696 3499 727 3553 et
748 3495 828 3554 circa
852 3495 996 3555 universa
1018 3495 1080 3555 fere
1104 3495 1262 3556 sensibilia

147 3583 251 3645 vitalis
281 3582 434 3643 facultatis
464 3581 634 3642 secundum
668 3581 817 3641 actionem
852 3580 1072 3643 distributione.
1139 3581 1185 3639 Ex
1213 3581 1262 3640 his

146 3668 346 3751 generalibus
378 3684 487 3729 mrsus
517 3673 660 3742 quattuor
689 3668 849 3726 virtutibus
880 3666 957 3727 duas
990 3667 1193 3745 generaliores
1223 3668 1262 3728 de

146 3756 370 3834 compositione
406 3756 534 3816 virtutes
570 3755 690 3815 efficere
727 3753 832 3824 discit,
871 3755 1051 3829 sapientiam
1081 3756 1203 3829 inquam
1233 3760 1263 3814 et

147 3841 431 3910 mansuetudinem,
465 3842 646 3917 sapientiam
675 3839 813 3915 quidem,
844 3853 923 3912 quae
952 3857 1054 3900 rerum
1083 3840 1262 3916 perceptibi-

146 3930 238 4000 lium,
261 3927 546 4002 mansuetudinem,
571 3942 650 4002 quae
674 3942 774 3985 rerum
798 3925 986 4001 agendarum
1011 3928 1081 3986 finis
1099 3932 1161 4000 est;
1190 3942 1262 3986 nam

147 4032 187 4079 ex
217 4015 381 4092 prudentia
403 4019 433 4074 et
454 4015 569 4074 iustitia
592 4014 681 4074 efficit
704 4013 901 4088 sapientiam,
937 4029 1017 4086 quae
1040 4013 1220 4090 cognitionis
1244 4030 1262 4073 a

136 4102 313 4181 'prudentia
335 4106 365 4162 et
388 4102 462 4163 artis
480 4101 518 4160 ab
541 4101 656 4160 iustitia
674 4099 848 4161 moderatae
868 4104 1026 4159 causaest
1044 4100 1261 4172 conservatrix,

133 4190 296 4265 ideoque,
323 4195 357 4250 ut
378 4188 460 4258 dixi,
482 4185 722 4262 perceptibilium
746 4186 815 4244 finis
838 4191 899 4244 est:
932 4203 968 4244 ex
992 4182 1166 4245 fortitudine
1188 4203 1262 4247 vero

160 4324 432 4336 ....-------

221 4398 245 4449 1.
264 4395 323 4454 ταῖς
341 4389 370 4447 δὲ
389 4395 446 4450 cod.
469 4395 534 4448 Gud.
