2752 4778
1056 192 1172 273 21.

10 395 89 441 leur
127 376 297 440 subiisset
336 371 487 457 quomodo
518 377 607 438 etiam
635 377 727 438 tidem
748 379 837 438 faciet
854 378 893 440 'se
914 396 1010 441 uuum
1033 397 1104 443 essa

18 465 174 529 duabus
197 464 333 538 naturis,
361 464 481 527 'sitalls
504 480 573 524 cum
597 465 651 534 sit,
683 469 712 524 ct
733 464 923 542 extalibus,
954 465 1102 532 nihilomi-

10 572 21 619 ι
47 560 88 614 et
115 555 194 635 sine
216 559 302 614 motu
324 559 354 612 et
376 535 453 612 sine'
465 552 641 626 operatione
656 549 862 626 permaneat?
907 550 1005 630 Super
1030 553 1104 615 sub·

10 639 126 717 apuam
161 639 257 719 igitur
280 639 505 714 substantiatus
528 642 602 715 est,
626 637 780 697 lubricans
802 637 832 697 iu
856 644 968 700 natura
989 657 1102 702 novum

10 727 198 807 potationis
221 731 252 786 et
275 725 439 785 nativitatis
462 704 666 800 principium'i
718 716 951 800 concipiebatur
973 732 1004 787 et
1025 741 1103 790 suae
1170 806 1172 809 1
1251 788 1252 792 ,

10 814 84 899 eois
120 812 192 890 ipse
220 809 421 872 rudimentum
451 810 522 884 luit3
559 812 743 871 nascebatur
773 816 804 871 et
826 810 960 888 sigillum
984 817 1102 889 parenti

10 907 82 967 etus
108 907 181 972 est,
209 898 402 973 ostenditque
425 913 463 958 ea
486 897 575 957 simul
596 912 669 957 vera
691 913 762 958 esse
785 913 863 972 quac
886 906 1008 975 propter
1029 917 1103 962 con·

10 987 204 1053 macconem
224 987 311 1059 ,inter
340 1001 375 1059 se
401 983 488 1065 ¹ntrllo
520 984 609 1044 ruodo
633 983 818 1046 concordare
841 1001 934 1061 posse
957 986 1102 1049 videban-

10 1090 41 1151 ιι.
95 1074 144 1136 Ea
174 1073 242 1149 ipsa
271 1079 300 1134 et
328 1073 413 1150 virgo
442 1070 497 1130 luit
527 1076 558 1131 et
579 1077 694 1147 mater3
727 1071 871 1131 innovata
894 1078 958 1132 erat
982 1079 1100 1149 natura,
1151 1115 1153 1119 ,

10 1154 196 1239 {opposita
224 1159 301 1220 inter
329 1175 364 1218 se
388 1157 622 1232 concordareut3
661 1174 730 1217 nam
755 1158 894 1233 opposita
917 1165 990 1219 sunt
1012 1162 1103 1239 virgi-

97 1253 131 1309 ct
157 1251 282 1327 partus,
317 1247 346 1306 iu
369 1250 478 1305 natura
500 1244 609 1304 horum
633 1243 735 1327 nullus
758 1249 857 1319 potest
878 1244 1003 1322 intelligi
1027 1264 1101 1309 cou-

32 1351 121 1395 us:
175 1331 364 1408 Quapropter
390 1326 479 1392 'etiam
503 1331 628 1407 deipara
651 1328 721 1391 ver'e
744 1330 800 1391 luit
820 1332 920 1408 virgo;
952 1347 1100 1408 superna·

107 1417 264 1481 modoad
286 1419 412 1480 seminis
434 1419 523 1477 ritum
548 1420 693 1494 concepit
707 1423 737 1477 et
758 1419 874 1492 peperit
897 1433 1099 1493 superessen-

47 1531 60 1558 t
91 1507 238 1568 uerbum:
274 1523 346 1566 nam
376 1519 455 1580 quae
483 1505 599 1580 peperit
627 1504 708 1564 haud
733 1504 825 1564 dubie
846 1511 940 1565 ruater
963 1511 1010 1566 est
1032 1507 1099 1568 eius

29 1649 31 1653 ,
62 1594 94 1653 in
117 1609 155 1652 ca
178 1596 265 1670 satus
287 1593 342 1654 init
363 1597 393 1651 et
415 1596 592 1671 conceptus.

28 1740 32 1749 ,
99 1678 134 1739 Et
168 1694 262 1755 supra
297 1678 500 1739 conditionem
533 1678 664 1738 hominis
695 1693 733 1736 eo
762 1691 838 1752 quae
869 1684 940 1738 sunl
968 1679 1098 1742 hominis

30 1762 195 1839 *sabaium
226 1781 290 1841 per,
309 1761 537 1826 exactissimam
566 1764 748 1838 unitionem,
779 1764 845 1844 sine
868 1765 949 1825 omni
972 1763 1099 1828 conver-

24 1856 92 1927 oe,
120 1869 176 1928 per
204 1850 336 1912 divinam
366 1852 532 1927 potentiam
562 1849 729 1911 ostendens
759 1850 926 1911 humanam
949 1856 1099 1928 operatio·

48 1964 57 1988 ι
138 1937 395 2014 Quandoquidem
428 1944 458 1999 et
489 1945 600 2000 natura
633 1937 766 1998 humana
798 1937 980 1998 ineonluslm
1013 1943 1100 2003 nnita

36 2024 121 2107 ‘tatae
143 2025 268 2087 divinae
289 2031 382 2088 totam
404 2026 518 2086 circum
538 2025 681 2100 incessit,
705 2023 838 2085 solutum
861 2025 934 2085 nihil
952 2032 1006 2087 aut
1022 2027 1099 2087 divi-

87 2112 254 2190 possidens
283 2112 452 2184 arduitate,
485 2129 564 2188 quae
592 2113 619 2171 ei
649 2125 704 2188 per
723 2111 1010 2187 hypostasin'uuita
1032 2114 1095 2175 fuit.

49 2224 60 2251 o
93 2215 149 2276 pro
179 2199 268 2281 nobis
295 2215 367 2260 uere
390 2203 587 2276 nostramque
610 2198 813 2258 substantiam
837 2199 1009 2275 suscipiens
1031 2216 1099 2260 ver·
1192 2265 1193 2269 ,

33 2310 58 2337 a
86 2286 384 2364 supersubstantiale
406 2287 573 2347 connexuit
595 2300 633 2345 ec
656 2300 735 2365 quac
757 2283 795 2343 dc
818 2290 924 2345 natura
946 2285 1100 2351 amaruan-

21 2396 57 2447 ι,
87 2379 118 2434 et
147 2389 185 2435 ea
212 2387 291 2448 quac
321 2388 389 2450 per·
403 2373 601 2435 eminentiam
624 2371 809 2432 naturalium
832 2370 969 2432 eiusdem
992 2379 1099 2449 poten-

58 2484 91 2513 ιι.
120 2459 279 2521 continent
301 2460 505 2538 negationem.
559 2457 666 2519 Factus
689 2464 736 2518 est
758 2457 866 2533 homo,
897 2458 952 2518 sed
975 2460 1096 2522 modum

40 2545 114 2606 adi
128 2545 265 2623 ¹lrairuit,
298 2547 348 2622 qui
378 2553 518 2608 naturam
541 2546 801 2623 supereminebat,
833 2561 1003 2608 connexum
1027 2564 1096 2609 cum

61 2631 112 2694 odi
132 2632 258 2694 modum
281 2631 449 2700 secundum
472 2637 629 2707 natm·am;
657 2636 692 2691 ut
714 2638 744 2692 et
766 2634 921 2704 naturam,
950 2650 988 2694 ex
1011 2636 1097 2709 novi·

54 2712 199 2783 ‘istorum
221 2718 396 2792 modorum,
425 2737 487 2781 non
505 2719 668 2781 admisisse
685 2719 715 2778 in
737 2721 872 2780 essentia
889 2719 1095 2783 alterationem
1158 2766 1160 2771 s

22 2872 28 2888 ι
57 2806 178 2882 oneret,
215 2807 365 2882 simulque
395 2822 488 2883 snper
514 2808 696 2866 immensam
724 2800 890 2881 polentiam
918 2807 947 2865 in
976 2813 1096 2870 contra-

68 2908 96 2952 m
131 2891 291 2955 allectione
325 2893 522 2969 conspicuam
551 2892 646 2953 daret.
715 2891 830 2968 Quippe
859 2894 940 2968 quod
966 2901 1096 2958 naturae

10 2960 174 3043 mutatos
204 2995 280 3040 suae
308 2980 380 3042 iecit
400 2979 512 3040 indicia
533 2979 711 3056 potestatis,
742 2994 803 3038 non
826 2981 1018 3043 necessitatis
1041 2978 1097 3044 na·

10 3048 111 3140 hats,
140 3072 175 3127 nt
205 3071 276 3127 sunt
305 3081 385 3142 quae
413 3081 470 3127 nos
493 3067 642 3144 gerimus,
671 3063 793 3135 edecta,
830 3081 982 3142 secusque
1005 3084 1096 3144 quam

46 3151 190 3215 hebetia
213 3153 301 3214 nobis
323 3158 453 3214 naturae
475 3152 706 3229 passibilitatem
730 3150 961 3213 administrauit.
1008 3155 1095 3228 Quod

33 3236 39 3250 '
95 3239 126 3298 iu
156 3240 246 3300 nobis
276 3244 413 3301 nostram
442 3239 630 3300 voluntatem
652 3237 731 3299 solet
753 3254 959 3315 cornmovere,
992 3241 1042 3302 ille
1064 3244 1095 3304 in

21 3318 24 3323 ’
51 3317 109 3385 uon
140 3325 199 3386 nisi
230 3342 268 3386 ex
291 3342 350 3386 suo
374 3327 496 3387 arbitrio
519 3326 632 3387 moveri
655 3323 783 3401 docuit„
804 3324 895 3398 ¹Quid
919 3325 1002 3387 aliud
1025 3328 1096 3389 dicit

69 3417 131 3473 ster
159 3413 191 3471 in
223 3411 445 3488 sequentibus?
485 3413 536 3473 ubi
565 3413 625 3473 hoc
653 3413 752 3488 ipsum
789 3412 952 3488 explanat:
1002 3414 1095 3488 ,Quid

10 3492 58 3556 ltro
81 3504 184 3561 cetera
213 3499 293 3574 quae
315 3499 405 3561 valde
426 3499 524 3561 multa
546 3500 614 3575 quis
637 3497 876 3560 commemoret?
912 3500 942 3559 in
966 3514 1046 3575 quac
1069 3503 1094 3562 si

10 3566 105 3657 binus
134 3586 286 3662 quispiam
308 3587 479 3657 intuentur,
513 3601 606 3662 supra
625 3585 812 3646 intellectum
834 3584 982 3663 intelliget
1004 3589 1094 3648 etiam

10 3676 137 3753 aquae,
158 3673 197 3732 de
226 3671 295 3733 lesu
324 3673 515 3734 humanitate
543 3672 731 3734 affirmantur
752 3672 892 3732 virtatem
915 3672 1094 3735 excellentis

10 3757 155 3834 matianis
187 3760 364 3820 continere!
411 3758 712 3836 supersubstantiale
740 3759 820 3819 enim
843 3760 969 3819 verbum
992 3762 1095 3822 onmia

94 3842 134 3904 ad
164 3850 304 3906 naturam
333 3845 485 3922 pertinent
512 3862 576 3909 una
607 3863 677 3907 cum
708 3849 818 3906 natura
840 3845 870 3904 in
893 3847 1093 3922 conceptione

11 4006 16 4013 ·
66 3927 205 4001 ineffabili
235 3931 424 4009 suscipiens,
459 3932 532 3994 nihil
560 3933 669 3994 habuit
696 3929 863 3997 humanum
885 3931 932 4009 ‚de
955 3933 1095 3993 se-aitir·

10 4015 117 4086 nium,
146 4019 278 4080 naturali
307 4020 440 4090 ratione,
475 4021 546 4095 quin
569 4019 649 4081 idem
673 4023 739 4078 erat
756 4016 910 4093 diuinum,
941 4017 1093 4094 modoque

18 4160 265 4182 w

10 4240 161 4319 tittnqpn
187 4255 227 4309 ed.
255 4255 329 4317 Gal,
359 4274 405 4324 pro
432 4273 510 4308 rurore.
579 4258 620 4306 tt.
640 4253 765 4316 ἐξουσίας
788 4254 855 4323 ἔργα
880 4259 922 4309 cd.
942 4258 998 4310 tint.
1021 4260 1093 4322 Unde

38 4315 138 4440 diffide
160 4324 216 4376 elus
241 4327 334 4379 versio.
406 4326 447 4379 dd.
472 4318 486 4389 ἡ
509 4325 567 4376 cod.
586 4325 654 4405 Gud.
720 4324 767 4416 Ι46.
787 4319 886 4396 γνώμῃ
905 4342 954 4378 non
973 4334 1046 4381 extat
1067 4329 1092 4378 iu
