2768 4784
1154 208 1228 288 2⁵85

122 401 313 473 minationis,
348 405 382 460 at
412 416 467 476 par
496 406 557 473 est,
589 401 754 475 relinquat,
787 408 820 462 nt
847 401 962 461 liberati
996 419 1048 477 per
1078 403 1227 464 Christum

122 488 241 562 possint
269 487 318 547 vel
348 492 420 547 ante
443 487 617 564 generalem
640 490 895 547 resurrectionem
917 494 1037 563 propter
1060 490 1228 550 ultroneam

122 573 287 634 voluntatis
315 588 394 649 quae
422 574 498 648 ipsis
520 574 579 633 iarn
603 573 744 649 contigit,
775 575 1026 637 resurrectionem
1049 577 1228 649 exclamare,

124 659 190 729 ,llbi
212 666 263 721 est
283 666 373 732 tuus,
396 675 531 733 amors,
557 659 721 720 stimulus?
749 661 802 719 ubi
820 666 888 734 tna,
913 660 1041 734 oOrce,
1066 661 1229 722 victorial‘

124 747 222 806 carnis
244 742 431 822 voluptatem
455 751 485 806 et
507 761 586 820 quae
608 761 676 805 cum
701 761 738 806 ea
759 747 864 806 iuncta
881 753 930 806 est
948 749 1070 807 animae
1086 748 1125 808 de
1143 751 1231 825 igno-

124 834 222 894 rantia
242 832 382 894 fraudem
404 832 556 907 dicenteS,
580 833 690 907 quibus
713 832 783 891 olim
808 838 878 891 anic
896 833 1048 894 Christum
1071 837 1100 893 ia
1123 833 1232 895 hama-

126 935 191 979 aam
223 918 365 980 naturam
392 918 567 979 dominatus
598 919 804 994 nequissimus
827 919 968 980 diabolus
992 921 1156 995 voluptatis
1179 923 1232 980 sti-

127 1006 205 1065 mulo
232 1005 392 1067 hominum
422 1011 562 1066 naturam
591 1007 716 1064 nimium
739 1011 888 1080 quantum
913 1006 1170 1079 convulnerabat,
1202 1015 1232 1066 et

127 1093 311 1154 contentiose
334 1092 435 1170 gladio
456 1091 571 1152 bandis
594 1091 634 1152 ad
656 1093 819 1168 perniciem
842 1091 992 1152 trahebat.

128 1256 299 1332 Eiusdem
322 1282 369 1332 ex
393 1281 561 1332 sermone
584 1257 624 1330 in
648 1254 824 1349 Lumina,
852 1256 891 1329 in
916 1257 1032 1350 illud,
1068 1254 1126 1350 ,Si
1152 1260 1230 1358 qui·

172 1361 259 1436 dem
299 1362 448 1435 omnino
491 1385 553 1434 ecs
589 1360 776 1459 impietate
809 1360 1007 1460 constringi
1038 1370 1147 1461 atque
1183 1362 1230 1436 ad

157 1462 399 1539 'simulachra
438 1474 475 1539 et
514 1464 603 1537 artis
637 1488 747 1562 opera
778 1488 1028 1563 manuumque
1058 1465 1232 1564 figmenta

171 1568 364 1668 prolapsos
386 1593 408 1640 a
432 1567 492 1642 dei
514 1566 633 1667 gloria
658 1567 752 1641 deici
776 1567 983 1665 oportebat,
1011 1568 1107 1642 nihil
1128 1568 1232 1643 aliud

172 1671 263 1771 ipsis
285 1671 426 1745 cordati
447 1672 618 1745 homines
639 1670 834 1768 imprecari
856 1681 1020 1769 possent,
1054 1696 1164 1770 quam
1190 1680 1233 1745 ut

172 1775 264 1850 talia
276 1784 549 1868 venerarentur,
574 1773 785 1872 talibusque
801 1774 1005 1848 honoribus
1022 1777 1232 1849 afficerent‘

229 1924 282 1985 His
312 1925 471 2000 perlectis,
502 1925 648 1999 Quidam,
680 1926 821 2000 inquitis,
851 1926 1023 1985 auditorum
1053 1926 1233 2002 magistrum

128 2012 345 2087 improbarunt,
379 2012 520 2072 homines
554 2011 697 2071 cordatos
725 2017 816 2086 atque
846 2011 1022 2088 evangelice
1041 2012 1150 2069 ‚vivere
1180 2027 1233 2069 cu-

128 2099 243 2172 pientes
271 2098 347 2159 talia
375 2098 465 2158 alicui
493 2099 651 2174 imprecari
681 2103 714 2157 ut
736 2104 896 2158 veneretur
917 2097 1088 2170 talibusque
1111 2096 1233 2156 honori-

128 2185 180 2249 bus
209 2190 244 2245 ut
274 2182 384 2259 afficiat
411 2185 524 2245 iustum
554 2200 625 2244 esse
656 2189 816 2260 negantes.
879 2183 1038 2242 Adversus
1068 2196 1144 2256 quos
1174 2199 1233 2259 ego

127 2270 247 2345 quidem
280 2270 370 2343 nihil;
411 2270 490 2345 quod
520 2286 592 2330 vero
621 2286 639 2330 a
669 2286 743 2330 sene
771 2269 905 2344 quadarn
935 2269 1105 2329 divinarum
1134 2283 1233 2341 reram

127 2358 264 2435 sapiente
292 2361 474 2433 patrumque
496 2356 664 2417 doctrinam
688 2356 808 2432 plurimi
830 2355 960 2416 iaciente
982 2354 1021 2414 de
1043 2354 1102 2414 hoc
1125 2352 1233 2415 doctus

126 2459 208 2518 saur,
231 2442 341 2504 dicam.
399 2441 531 2503 Sanetus
555 2450 585 2503 et
607 2444 715 2502 beatus
739 2448 843 2504 noster
865 2448 951 2518 pater
973 2447 1064 2516 atque
1088 2443 1234 2518 magister

126 2527 306 2608 Gregorius,
335 2547 354 2590 o
377 2530 442 2604 isti,
476 2529 644 2609 (colloquar
673 2531 753 2589 enim
782 2545 850 2589 cum
880 2530 925 2589 eis
953 2534 1098 2604 tanquam
1130 2529 1156 2586 si
1178 2527 1232 2587 ad·

125 2614 199 2696 sint)
227 2614 363 2677 Graecos
392 2615 500 2675 videns
530 2617 695 2692 praecipue
725 2617 840 2674 versari
861 2616 892 2673 in
914 2621 999 2675 tanta
1021 2615 1130 2674 erroris
1154 2614 1233 2674 stul-

123 2703 202 2779 titia,
240 2707 271 2781 et
292 2718 310 2763 a
334 2703 456 2763 notione
479 2704 545 2762 eius
569 2703 620 2776 qui
641 2702 762 2777 proprie
784 2706 830 2761 est
853 2702 901 2761 dei
924 2718 1050 2777 prorsus
1073 2701 1234 2771 abductos,

124 2788 397 2851 comunserationis
419 2789 488 2866 lege
509 2788 584 2849 talia
604 2789 812 2864 persequitur,
845 2789 968 2848 atinde
991 2788 1071 2869 quod
1095 2804 1132 2848 ea
1155 2804 1234 2864 qnae

124 2874 266 2937 coluntur
294 2876 413 2936 ratione
434 2878 555 2945 carent,
589 2879 620 2933 et
642 2891 681 2934 ex
704 2873 836 2945 vilitate,
864 2880 916 2935 aut
938 2875 1019 2950 quod
1042 2876 1141 2952 inagis
1164 2892 1235 2951 pro·

124 2962 188 3037 pria
216 2967 266 3022 est
291 2961 408 3034 dicere,
446 2960 626 3022 scurrilitate
649 2975 770 3028 eorum,
805 2967 876 3037 post
899 2963 1034 3022 crebram
1059 2977 1233 3027 sermonum

125 3048 234 3123 quibus
264 3048 291 3109 is
318 3047 419 3109 cultus
449 3050 644 3125 expugnatus
673 3052 721 3107 est
749 3047 978 3117 refutationem,
1007 3047 1167 3107 facillimus
1190 3048 1234 3106 eis

126 3134 164 3195 ad
199 3139 314 3195 rectam
351 3135 431 3195 viam
466 3133 518 3194 liat
552 3134 684 3204 reditus,
721 3134 848 3210 insuper
875 3150 947 3193 vcro
975 3135 1066 3192 etiam
1097 3148 1134 3191 ne
1166 3133 1232 3206 quis

125 3219 234 3282 harum
263 3236 360 3296 prava
389 3220 530 3296 opinione
560 3219 713 3292 trahatur,
745 3226 904 3296 propterea
927 3218 1006 3295 quod
1030 3218 1114 3277 fraus
1136 3217 1233 3276 omni-

125 3307 183 3368 bus
202 3307 243 3368 sit
264 3308 295 3367 iu
319 3312 460 3383 promptu
482 3313 512 3367 et
534 3305 623 3366 facile
646 3305 685 3365 ad
708 3305 1016 3381 deprehendendum,
1046 3321 1114 3364 cum
1140 3303 1234 3362 nemi·

125 3409 194 3455 nem
216 3393 381 3455 honestum
405 3393 517 3454 malum
543 3393 622 3466 quod
645 3392 804 3452 delitescat
826 3393 912 3453 celet.

124 3556 182 3635 Ex
204 3560 343 3639 ,eodem
372 3585 549 3652 sermone,
584 3561 623 3634 in
653 3560 768 3653 illud,
807 3557 939 3652 ,Porro
962 3558 1029 3633 ubi
1054 3558 1233 3658 purgati0,

175 3664 257 3739 illic
279 3663 522 3756 illuminatio,
549 3663 776 3739 illuminatio
799 3671 922 3737 autem
943 3662 1115 3738 desiderii
1135 3687 1233 3736 sum·

175 3793 237 3842 rna
269 3776 341 3859 est,
381 3767 426 3841 iis
452 3768 581 3866 utique
616 3767 679 3866 qui
712 3768 960 3841 maximarum
991 3791 1133 3858 rerum,
1172 3765 1234 3840 vel

175 3873 299 3971 potius
338 3870 522 3945 maximae
555 3870 627 3962 rei,
672 3879 781 3968 atque
815 3870 906 3943 adeo
940 3869 1234 3970 magnitudinem

176 3999 324 4049 omnem
346 3975 570 4073 superantis,
602 3973 804 4071 cupiditate
825 3971 1004 4074 flagrant!

230 4129 407 4190 Divinarum
426 4130 637 4206 mysteriorum
656 4129 742 4204 periti
765 4128 917 4188 affirmant
938 4128 991 4188 nbi
1011 4127 1153 4204 purgatio
1170 4127 1235 4185 ani·

123 4231 195 4278 mae
223 4218 264 4278 sit
291 4218 496 4293 permutatas
519 4215 615 4292 iacta,
641 4216 681 4275 ibi
702 4217 794 4276 etiam
817 4215 1066 4275 illuminationem
1089 4213 1235 4290 cognitia-

122 4303 173 4365 nia
209 4295 280 4380 post
311 4304 481 4364 institutam
510 4303 591 4379 piam
620 4318 722 4363 rerum
751 4316 830 4378 qnae
860 4305 932 4361 sunt
960 4299 1233 4361 considerationem
1303 4352 1308 4361 .

123 4404 289 4467 apparere,
326 4404 404 4465 quae
432 4394 567 4450 mentem
601 4388 639 4449 ad
674 4387 723 4449 dei
755 4389 979 4465 perceptionem
1008 4385 1113 4465 adigat
1143 4391 1234 4460 atque
