2752 4778
1080 235 1154 317 309

39 434 190 495 corpore,
219 418 252 478 111
279 432 334 494 per
356 420 600 496 conceptionem,
632 420 721 482 simul
744 436 813 482 curn
836 421 938 482 anima
960 424 1155 499 compositio-

40 520 131 576 nem,
160 515 223 579 qua
251 520 313 564 una
342 520 411 564 cum
442 505 493 566 illa
523 507 640 582 species
670 507 815 584 prodeat,
848 509 1009 584 accipiens.
1067 509 1155 582 Quod

38 589 117 651 alibi
144 590 332 651 manilesttns
362 592 527 652 ostendens
559 593 630 653 dicit
658 596 820 672 magister:
853 594 908 653 Per
936 594 1087 670 duplicem
1108 597 1155 655 in-

39 676 242 737 sufflationis·
258 678 416 747 virtutem‚
446 683 477 737 et
506 679 659 753 spiramen
688 681 824 756 inspirati
853 676 978 756 omnes,
1010 684 1040 740 et
1069 680 1156 755 spiri-

37 769 107 823 tum
131 765 279 822 sanctum.
326 761 495 822 Dividenda
517 772 565 826 est
586 766 676 842 igitur
697 766 879 843 cogitatione
902 768 933 826 11
957 760 1155 843 conceptione

36 849 201 923 inspiratio
236 847 354 908 vivitica
382 853 474 924 atque
504 851 627 926 spiritus
658 858 784 912 sanctus
815 852 1011 914 intellectuali
1041 853 1154 912 animal

37 936 214 1005 essentiae,
250 939 280 994 et
319 936 488 996 incarnatio
525 934 620 1011 atque'
652 938 817 998 insnlllatio
848 940 982 1016 corporis
1013 944 1152 1014 naturae,

37 1019 299 1096 quemadmodum
331 1025 433 1095 patres
462 1024 553 1083 aiunt.
617 1023 652 1083 Et
678 1017 882 1102 progenitoris
914 1024 999 1083 Adae
1026 1027 1154 1100 mystice

35 1105 193 1182 producta
229 1111 276 1166 est
308 1109 484 1184 generatio,
523 1109 612 1168 aliam
646 1111 767 1169 animae
794 1108 912 1168 habens
942 1110 1152 1183 existendique

36 1193 190 1252 rationem
224 1198 254 1252 et
286 1194 453 1252 nativitatis
482 1193 621 1268 modurn,
660 1200 689 1254 et
718 1195 809 1256 aliam
837 1197 976 1255 nimirum
1000 1197 1153 1269 corporis,

35 1278 121 1338 sicut
151 1278 271 1338 divinae
299 1295 356 1338 nos
385 1281 546 1356 magnifice
576 1281 902 1354 docuerunt-litterae,
930 1297 990 1341 non
1014 1283 1151 1340 sinentes

34 1368 75 1424 ut
96 1363 200 1424 anima
222 1370 252 1423 et
271 1380 381 1439 corpus
404 1381 466 1424 uno
490 1364 659 1440 eodemque
682 1368 772 1427 modo
795 1368 1000 1442 generationis
1021 1368 1153 1426 invicem

35 1451 255 1511 concurrentia
284 1449 552 1511 commiscerentur
583 1452 752 1513 secundum
782 1460 834 1513 not
836 1469 923 1513 uram
946 1459 976 1513 et
997 1455 1154 1530 ignorare-

33 1542 90 1596 tur
113 1536 263 1610 cuiusque
284 1539 361 1595 ratio
385 1538 539 1596 essentiae
562 1543 593 1597 et
616 1538 723 1598 modus
747 1539 964 1615 generationis.
1017 1537 1102 1613 Quod
1126 1539 1153 1597 si

36 1621 161 1682 Adamo
190 1628 378 1697 consequent
379 1638 411 1681 er
440 1623 565 1700 contigit
587 1623 700 1699 duplex
722 1625 938 1686 insufflationis
961 1616 1057 1683 virtus
1080 1640 1154 1683 con·

34 1722 168 1769 currens
197 1706 236 1767 ad
265 1709 444 1769 existentiae
474 1711 732 1785 procreationem,
771 1711 843 1786 quid
872 1711 973 1770 dicere
1008 1712 1074 1785 quis
1099 1725 1152 1768 va-

34 1792 103 1853 leat
134 1792 172 1851 de
203 1793 260 1852 deo
290 1800 320 1854 et
344 1794 496 1854 salvatore
520 1801 624 1855 nostro
647 1795 716 1854 iesu
740 1796 875 1867 Christo,
909 1799 959 1871 qui
982 1795 1153 1857 secundum

34 1879 260 1941 humanitatem
290 1887 453 1956 utrumque
481 1881 590 1950 habet,
629 1884 761 1941 animam
793 1882 991 1942 1111111111
1018 1868 1153 1957 corpus?

34 1980 120 2043 quae
149 1965 318 2040 complexio
349 1970 497 2040 quantum
526 1966 589 2026 11111
617 1969 727 2041 potest'
748 1983 893 2044 magnam
926 1967 1152 2027 similitudinem

34 2048 157 2112 servat-
171 2066 241 2111 cum
270 2053 367 2127 primo
390 2051 497 2110 Adam.
555 2051 818 2124 Quemadmodum
841 2054 938 2125 enim,
970 2050 1049 2111 sicut
1069 2053 1153 2111 idern

34 2137 83 2199 111
114 2136 235 2207 doctor,
270 2152 288 2194 a
318 2137 445 2203 materia
468 2138 593 2213 capiens
616 2153 728 2212 corpus
751 2138 844 2210 deus,
875 2153 955 2212 quae
977 2153 1084 2197 recens
1109 2138 1152 2195 vi·

35 2220 152 2285 delicet
179 2223 367 2283 subsistebat
397 2228 506 2296 antea,
538 2240 557 2282 a
581 2239 615 2282 se
639 2239 710 2283 vero
733 2224 825 2283 vitam
847 2223 971 2298 indens,
1002 2222 1082 2297 quod
1106 2224 1153 2281 ui-

34 2309 152 2371 mirum
173 2307 408 2368 intellectualem
430 2309 563 2369 animam
587 2313 616 2368 et
638 2309 874 2386 imaginem-dei
897 2311 1046 2383 scriptura
1063 2307 1152 2369 intel-

35 2395 130 2475 legit,
156 2393 310 2454 hominem
340 2393 525 2470 efformavit,
554 2393 638 2455 haud
668 2395 756 2454 aliter
784 2396 874 2455 etiam
903 2410 940 2454 ex
970 2395 1152 2455 intaminata

38 2480 161 2558 virgine
194 2484 339 2555 tanquam
370 2482 550 2541 intemerata
581 2486 662 2540 terra
691 2497 802 2556 corpus
832 2496 1012 2553 assumens,
1050 2497 1088 2540 ex
1117 2495 1152 2557 se

36 2570 145 2631 autem
167 2567 260 2625 vitam
282 2565 408 2634 indens,
442 2565 523 2640 quod
547 2567 687 2625 nimirum
709 2568 842 2626 animam
864 2566 1100 2643 intellectualem
1122 2570 1154 2624 et

36 2652 91 2715 dei
126 2652 290 2729 imaginem
327 2653 477 2729 scriptura
506 2653 603 2727 novit,
640 2651 860 2713 humanitatem
889 2668 979 2712 suam
1008 2655 1152 2727 operatus

36 2738 99 2812 111,
123 2736 170 2797 vel
189 2738 326 2813 seipsum
345 2738 571 2798 immutabiliter
590 2738 758 2798 secundum
778 2741 1020 2814 assumptionem
1039 2739 1152 2813 carnis,

36 2823 286 2886 intellectualiter
316 2824 562 2898 rationalitasque
590 2824 760 2897 animatae,
797 2829 919 2901 propter
947 2841 1004 2884 nos
1033 2829 1152 2899 sponte,

37 2914 147 2988 utpote
166 2911 357 2985 omnipotens
377 2909 531 2984 conditor,
555 2908 708 2970 hominem
727 2910 805 2971 iecit.
840 2910 904 2970 Hoc
923 2907 1043 2985 quidem
1064 2915 1153 2985 pacto

37 3002 72 3059 11
93 2994 266 3057 honorasse
285 2993 371 3077 dicit,
395 2997 475 3064 sicut
493 2997 649 3070 existimo,
674 2997 820 3072 magister
839 2997 993 3056 dominum
1013 3001 1044 3055 et
1061 2995 1152 3055 deum

38 3086 181 3145 nostrum
210 3079 356 3156 triplicem
379 3087 517 3141 nostram
539 3081 744 3151 nativitatem,
779 3082 810 3141 id
833 3087 880 3140 est
902 3081 1063 3157 generales
1087 3097 1153 3140 mo-

37 3168 99 3231 dos
129 3167 336 3246 generationis
367 3171 492 3228 nostrae
520 3166 791 3238 inexistentiam,
824 3168 854 3225 in
885 3166 1154 3225 bonam'existen-

38 3255 133 3329 tiam,
155 3254 186 3312 11
210 3258 367 3314 aeternam
389 3253 600 3313 existentiam:
630 3252 860 3329 generationem
882 3253 1005 3326 inquam
1030 3267 1067 3310 ex
1086 3266 1154 3310 cor-

37 3340 183 3418 poribus,
218 3352 297 3414 quae
324 3354 386 3398 una
416 3345 463 3398 est
484 3339 642 3412 utriusque
666 3337 836 3399 secundum
860 3341 998 3397 mutuam
1022 3339 1153 3412 partium

37 3428 122 3488 inter
144 3441 178 3485 se
200 3425 445 3498 coexistentiarn,
470 3425 591 3483 animae
610 3424 751 3483 videlicet
773 3431 804 3485 et
826 3425 976 3499 corporis,
1000 3423 1054 3481 sed
1078 3423 1153 3482 bila·

38 3513 119 3573 riam
142 3510 257 3581 divisa,
289 3513 411 3586 propter
430 3510 584 3570 diversum
607 3511 766 3585 utriusque
787 3509 994 3587 generationis
1018 3508 1153 3578 modum,

39 3610 211 3676 perquam
235 3596 429 3656 existentiam
453 3596 634 3673 accipimus:
666 3596 793 3655 alteram
816 3591 857 3655 ex'
872 3596 1076 3677 baptismate,
1099 3608 1154 3668 per

39 3696 136 3759 quam
167 3682 245 3741 bene
273 3697 345 3741 esse
374 3680 497 3740 abunde
527 3682 758 3755 consequimur:
799 3682 916 3741 tertiam
951 3697 988 3739 ex
1017 3694 1154 3740 resurre-

38 3769 159 3843 ctione,
196 3783 255 3842 qua
285 3767 324 3827 ad
354 3771 510 3827 aeternam
537 3767 732 3826 existentiam
756 3782 810 3840 per
832 3767 960 3844 gratiam
985 3770 1154 3825 commuta-

39 3869 120 3915 mur.
160 3851 350 3931 Diligenter
343 3853 384 3929 rgi
385 3857 435 3913 tu'r
385 3852 671 3913 tattendendum
692 3857 739 3911 est
756 3853 857 3911 verbis
876 3853 1013 3953 magistri
1031 3853 1154 3926 propter

38 3940 279 4001 calumniatores
309 3953 414 3999 eorum
445 3953 523 4012 quae
551 3938 646 4012 probe
675 3941 766 3997 stant.
828 3928 900 3998 Sola
929 3939 1008 3996 enirn
1038 3937 1155 4013 cogita·

39 4028 127 4087 tione
155 4023 348 4137 distinguens
379 4025 568 4107 nativitatem
597 4040 634 4082 ex
659 4024 855 4098 corporibus,
885 4028 1007 4099 propter
1030 4022 1153 4082 allatam

42 4194 86 4247 10.
110 4189 241 4258 σώματος
264 4189 314 4243 τὸν
338 4189 388 4242 rod
407 4181 479 4242 eluar
504 4187 588 4257 λόγον
606 4187 654 4242 και
675 4188 724 4241 τοῦ
743 4185 874 4256 γενέσθαι
892 4184 1011 4253 τρόπον,
1037 4183 1073 4246 ὥς
1092 4196 1153 4244 cett.

42 4263 86 4315 ed.
107 4263 171 4316 Gall.
227 4263 267 4316 11.
293 4262 350 4314 cod
371 4261 437 4313 Gud.
457 4261 636 4326 apographum
654 4261 733 4312 habet
753 4257 798 4308 καὶ
817 4273 875 4340 pro
881 4256 935 4318 τῆς.
991 4258 1031 4316 12.
1053 4256 1154 4322 ἐπηκο-

43 4325 321 4394 volaterranum.
365 4329 613 4382 1111111111.
629 4329 694 4381 Gall.
738 4329 777 4381 14.
795 4322 896 4391 νοεριὶν
914 4322 1010 4392 ψυχὴν
1029 4328 1153 4381 111111.

46 4393 461 4466 111111111111111111111
482 4401 524 4451 ed.
544 4397 608 4453 Gall.
664 4393 970 4452 1111111116111
