2768 4784
204 335 265 396 mei
294 338 326 393 et
353 329 540 398 acceleravi,
573 333 604 386 et
631 328 734 388 dimna
762 328 893 387 ducente
923 345 961 388 ac
983 328 1132 408 largiente
1155 335 1320 410 gratiaad

205 421 297 481 linem
325 433 423 492 usque
453 413 592 491 perduxi.
645 412 796 475 Fortassis
820 421 922 474 autem
946 416 1151 492 qualicunque
1172 421 1321 498 apologia

204 506 369 574 defensus,
402 518 465 562 uon
494 506 558 561 tam
588 498 702 561 densas
731 503 874 561 subierim
898 500 1062 578 caligines,
1099 507 1159 565 nisi
1181 506 1320 568 viderem

205 591 375 667 praelatum
405 588 615 648 beatissimum
637 584 801 647 Maximum
832 587 1012 661 saepissime
1041 591 1072 648 in
1094 608 1247 666 processu
1270 595 1320 653 sui

206 679 305 754 operis
328 676 562 735 obscurissimas
585 675 770 735 sanctissimi
793 673 927 750 theologi
951 673 1086 750 Dionysii
1109 672 1319 757 Areopagitae

176 795 181 801 t
207 765 392 836 sententias,
416 762 502 821 cuius
522 759 708 835 symbolicos
732 759 982 836 theologicosque
1005 778 1119 824 sensus
1144 782 1242 840 nuper
1265 783 1320 827 vo·

206 851 252 910 bis
288 848 434 910 similiter·
460 846 632 907 iubentibus
667 846 825 920 transtuli,
863 846 1087 923 introduxisse,
1129 851 1319 926 mirabilique

206 935 298 996 modo
328 933 530 1002 dilucidasse,
564 933 594 990 in
623 937 742 992 tantum
770 939 804 992 ut
827 933 909 993 nullo
933 934 1023 993 modo
1048 935 1219 998 dubitarem
1242 937 1318 997 divi·

207 1037 277 1082 nam
301 1020 509 1098 clementiam,
541 1034 619 1093 quae
641 1018 791 1079 illuminat
812 1019 993 1080 abscondita
1015 1024 1227 1099 tenebrarum,
1259 1041 1317 1085 sua

206 1107 349 1168 ineffabili
370 1105 561 1182 providentia
583 1104 641 1164 hoc
664 1104 871 1181 disposuisse,
901 1111 935 1166 ut
957 1122 995 1166 ea
1015 1108 1136 1182 quidem
1161 1125 1242 1185 quae
1263 1127 1317 1170 no·

209 1196 254 1255 bis
273 1195 405 1254 maxime
424 1194 568 1252 obstrusa
586 1192 616 1248 iu
636 1186 807 1266 praedictis'
817 1192 898 1251 beati
916 1191 1051 1268 Dionysii
1072 1194 1172 1270 libris,
1197 1201 1250 1256 aut
1268 1199 1316 1257 vix

207 1282 326 1356 pervia,
351 1293 522 1352 sensusque
540 1283 661 1337 nostros
677 1279 783 1356 lugere
802 1277 996 1352 videbantur,
1020 1282 1168 1357 aperiret,
1194 1283 1316 1358 sapien-

205 1368 326 1427 tissimo
345 1364 480 1441 praefato
498 1362 628 1423 Maximo
645 1364 832 1424 lucidissime
851 1364 1044 1440 explanante.
1091 1366 1229 1444 Exempli
1246 1385 1315 1446 gra-

207 1456 265 1526 tia,
297 1455 331 1511 ut
361 1467 462 1526 pauca
491 1450 528 1509 de
552 1450 693 1525 ‘pluribus
725 1451 841 1525 dicam,
873 1452 1025 1523 quomodo
1049 1468 1145 1513 causa
1168 1457 1313 1528 omnium,

207 1553 286 1615 quae
308 1537 385 1597 deus
408 1543 470 1610 est,
500 1552 562 1595 una
584 1538 624 1596 sit
645 1536 772 1611 simplex
797 1553 833 1596 ac
855 1537 1030 1612 multiplex,
1062 1539 1161 1613 qualis
1185 1543 1225 1600 sit
1245 1558 1314 1616 pro-

208 1625 323 1700 cessio,
357 1622 386 1681 id
416 1628 463 1682 est
491 1622 701 1697 multiplicatio
717 1622 844 1682 divinae
867 1625 1010 1683 bonitatis
1032 1641 1087 1699 per
1110 1629 1214 1684 omnia
1237 1643 1314 1701 quae

208 1716 296 1786 sunt,
327 1726 346 1768 a
374 1725 494 1769 summo
523 1725 621 1784 usque
652 1709 795 1776 deorsum
825 1725 879 1784 per
908 1710 1083 1786 generalem
1106 1715 1241 1772 omnium
1267 1731 1314 1774 εε-

208 1797 338 1858 sentiam
367 1797 481 1870 primo,
518 1795 662 1871 deinceps
691 1811 745 1869 per
774 1812 887 1873 genera
915 1797 1164 1874 generalissima,
1204 1798 1313 1879 deinde

208 1900 262 1959 per
292 1898 406 1960 genera
433 1881 639 1958 generaliora,
669 1881 739 1940 inde
768 1898 822 1956 per
852 1883 972 1957 species
997 1884 1192 1958 specialiores
1216 1900 1314 1961 usquc

208 1969 247 2030 ad
279 1969 397 2044 species
427 1968 664 2044 specialissimas
686 1983 740 2041 per
763 1967 948 2028 differentias
976 1971 1240 2045 proprietatesque
1263 1972 1314 2031 de-

208 2055 370 2116 scendens.
435 2055 472 2113 Et
507 2056 638 2127 iterum,
673 2054 809 2113 eiusdem
845 2055 966 2114 divinae
1000 2056 1137 2117 videlicet
1171 2058 1313 2117 bonitatis

208 2141 307 2218 qualis
331 2143 370 2200 sit
398 2143 545 2216 reversio,
580 2140 608 2198 id
638 2144 684 2199 εει
713 2142 925 2219 congregatio,
959 2159 1014 2217 per
1043 2142 1169 2203 eosdem
1199 2143 1312 2221 gradm

210 2229 249 2288 ab
277 2227 393 2287 infinita
422 2243 526 2288 eorum
556 2242 635 2302 quae
664 2234 736 2287 sunt
764 2228 905 2300 variaque
936 2227 1183 2304 multiplicatione
1216 2248 1315 2305 usque

210 2312 250 2374 ad
285 2315 537 2389 simplicissimam
574 2314 707 2372 omnium
745 2315 905 2387 unitatem,
946 2331 1026 2389 quae
1059 2317 1088 2373 in
1123 2314 1181 2375 deo
1211 2323 1258 2376 est
1286 2325 1314 2376 et

208 2400 287 2474 deus
316 2406 380 2472 est,
415 2402 456 2463 ita
484 2406 519 2460 ut
545 2405 575 2460 et
601 2398 678 2459 deus
702 2401 805 2460 omnia
828 2402 866 2459 sit
888 2402 918 2459 ct
939 2403 1040 2460 omnia
1063 2401 1140 2461 deus
1163 2403 1233 2462 sint.
1280 2403 1314 2462 Et

209 2487 361 2564 quomodo
382 2486 540 2563 praedicta
563 2485 681 2559 quidem
704 2485 807 2546 divina
829 2488 859 2545 in
888 2489 989 2547 omnia
1016 2491 1174 2562 processio
1199 2481 1314 2550 dvalo-

209 2570 276 2650 τικῆ
306 2575 430 2647 dicitur,
465 2574 524 2633 hoc
552 2576 599 2631 est
628 2572 788 2646 resolutio,
824 2574 955 2632 reversio
986 2590 1057 2633 vero
1086 2576 1222 2653 θεῶσις,
1255 2574 1313 2636 hoc

208 2665 255 2719 est
277 2660 434 2721 deificatio.
489 2659 524 2718 ht
547 2674 607 2733 qua
630 2660 746 2718 ratione
769 2675 849 2734 quae
871 2665 943 2720 suut
971 2662 1105 2721 inanima
1134 2661 1313 2738 multiplica-

206 2748 288 2806 tione
312 2749 434 2806 minima
457 2751 530 2806 suut
553 2745 676 2818 virtute,
711 2742 884 2818 quaevero
908 2747 1032 2806 minima
1056 2747 1311 2824 multiplicatione,

208 2834 340 2892 maxima
373 2834 491 2894 virtute.
558 2829 634 2903 Quid
669 2830 885 2914 καταφατικὴν
917 2838 946 2891 ει
980 2825 1183 2915 [inoportuna
1215 2834 1312 2895 dicam

208 2920 399 2999 θεολογίαν,
432 2915 603 2992 inquibus
636 2915 767 2977 maxime
789 2918 934 2993 praedicti
958 2921 1038 2978 beati
1061 2918 1197 2997 Dionysii
1220 2921 1313 2980 Areo·

207 3008 329 3083 pagitae
346 3005 590 3083 profundissima
601 3003 850 3078 divinissimaque
868 3004 1044 3066 admiranda
1063 3012 1109 3066 est
1127 3005 1312 3081 disputatio?

207 3107 299 3167 quam
328 3095 408 3153 clare
437 3091 624 3168 pulchreque
652 3092 765 3166 aperit,
796 3091 945 3166 quomodo
970 3109 1038 3151 cum
1062 3094 1139 3163 inter
1161 3110 1195 3152 se
1219 3109 1312 3169 oppo-

207 3180 284 3238 sitae
315 3180 464 3254 valdeque
494 3178 645 3237 contraria
668 3177 844 3251 videantur,
877 3178 916 3237 ad
938 3195 1033 3238 unum
1057 3184 1160 3239 tamen
1182 3196 1311 3239 consen·

206 3282 274 3326 sum
303 3267 498 3341 perveniunt,
529 3268 561 3323 ut
593 3262 664 3323 dum
688 3279 749 3323 una
772 3269 878 3342 neget,
911 3263 1007 3325 altera
1030 3266 1201 3341 confirmet,
1233 3264 1309 3342 quod

206 3345 389 3434 ἅποφατικῆ
413 3353 562 3427 abnegat,
587 3350 667 3423 qaod
691 3345 886 3432 καταφατικῆ
907 3350 1060 3424 adfirtnat3
1084 3358 1113 3410 el
1133 3368 1192 3412 non
1214 3352 1309 3412 solum

205 3436 263 3499 has
293 3438 369 3498 duas
399 3437 550 3497 maximas
579 3436 752 3513 theologiae
781 3443 885 3513 partes
916 3439 946 3507 in
975 3438 1048 3507 deo,
1084 3439 1137 3497 sed
1168 3440 1260 3499 etiarn
1282 3440 1310 3497 in

205 3518 287 3586 omni
323 3528 461 3583 creatura
497 3539 566 3582 csse
602 3524 856 3584 manifestissimis
890 3523 1025 3584 declarat
1055 3524 1218 3600 exemplis;
1259 3536 1311 3600 per

204 3626 257 3672 eas
287 3624 420 3683 namque
450 3609 571 3668 ordinas
602 3611 781 3670 caelestium
813 3612 1015 3670 essentiarum
1045 3615 1074 3669 et
1098 3610 1311 3672 discernuntur

204 3702 235 3758 et
264 3694 449 3754 ordinantur.
504 3695 541 3754 Et
572 3711 632 3769 qua
661 3698 778 3755 ratione
808 3698 884 3757 dctus
914 3697 1020 3756 dicitur
1052 3713 1173 3756 movere
1196 3704 1227 3756 et
1248 3713 1310 3756 mo-

204 3783 282 3856 veri,
306 3781 378 3840 dum
403 3782 442 3841 sit
463 3781 672 3856 immutabilis3
703 3789 733 3842 ει
754 3784 834 3858 quod
858 3799 913 3841 nec
938 3783 1093 3842 sensibilia
1112 3789 1169 3859 p'er
1185 3799 1309 3843 sensum

203 3867 281 3928 deus
305 3867 431 3940 sentiat,
466 3884 523 3927 nec
545 3867 744 3944 intelligibilia
767 3886 821 3944 per
842 3869 1045 3942 intellectum,
1077 3886 1133 3929 nec
1157 3869 1311 3929 sensibilia

203 3969 258 4028 per
284 3953 487 4028 intellectum,
522 3970 579 4015 nec
608 3954 806 4032 intelligibilia
827 3971 881 4031 per
903 3973 1045 4029 sensum,
1079 3956 1132 4015 sed
1156 3958 1259 4016 omnia
1281 3956 1309 4013 in

204 4041 338 4118 aeternis
373 4042 438 4118 suis
472 4041 638 4101 rationibus
673 4041 904 4116 contemplatur.
972 4041 1015 4102 De
1046 4044 1161 4102 unitate
1189 4058 1310 4117 quoque

203 4127 292 4186 trium
315 4125 484 4186 divinarum
508 4128 762 4198 substantiarum,
792 4128 893 4201 deque
916 4130 1010 4189 tribus
1034 4130 1213 4189 substantiis
1237 4129 1311 4188 divi-

204 4228 263 4271 nae
284 4213 410 4273 unitatis
441 4213 532 4273 veluti
564 4213 778 4289 mysticissimo
808 4215 985 4276 mirabiliter
1013 4216 1149 4291 disputat
1176 4216 1309 4290 senario,

203 4303 233 4357 et
262 4298 356 4358 multa
385 4299 461 4369 ulia,
497 4314 577 4375 quae
605 4299 761 4360 studiosus
791 4304 960 4375 praesentis
984 4304 1085 4380 operis
1108 4302 1201 4362 lector
1227 4302 1310 4362 inve·
