2768 4784
1120 142 1191 215 383

10 342 17 370 ¹
53 360 70 377 ·
89 342 143 395 ,z-
187 327 390 389 Exercitatam
413 327 473 387 lam
496 327 537 401 ad
560 328 826 403 contemplativum
846 325 982 386 habitum
1001 329 1030 388 in
1052 330 1096 388 eis
1115 345 1193 403 quae

10 402 222 489 mnaso,
258 421 292 474 ut
315 414 375 474 lieri
399 414 510 487 potuit,
546 413 701 488 disputata
725 421 811 486 sunt,
842 429 980 488 qrraeque
1003 416 1061 475 iam
1088 416 1195 475 antici-

22 500 191 561 'm'uut
213 503 329 576 ipsam,
360 505 492 559 mentem
517 514 690 558 sermonum
715 500 819 574 copia,
850 501 875 557 si
900 500 1031 573 videtur,
1062 516 1100 559 ne
1124 517 1194 578 gra·

10 582 205 658 ¹³senates,
229 603 299 647 cnm
323 585 491 645 divinarum
515 601 614 645 rerum
638 583 676 642 de
700 585 828 659 reliquo,
857 585 904 643 vei
927 587 957 644 in
981 587 1192 661 compendium

10 665 321 749 mtractarum,
348 671 634 746 contemplationem
653 671 747 746 perite
764 687 873 746 capere
890 679 989 745 queat.
1027 671 1194 733 Hordeacei

10 736 168 825 fitur
199 761 335 834 quinque
356 772 454 834 panes
477 756 625 816 naturalis
649 755 796 830 derrotant
819 758 1081 833 contemplationis
1106 766 1193 821 notus

10 866 17 883 ·-
81 832 226 919 nones.
277 844 415 918 Quinque
446 849 546 903 autern
579 842 660 902 milia
689 843 848 902 hominum
878 845 928 918 qui
953 845 1049 904 eisin
1074 844 1194 906 deserto

10 950 12 955 ·
71 934 204 993 untur
235 948 289 990 eos
321 930 494 1008 signiticaut
524 930 574 1003 qui
605 931 685 989 circo
716 935 855 1011 naturam
880 930 1000 1003 quidem
1026 939 1193 1007 morentur,

10 998 117 1083 Μ
146 1016 295 1099 ,nondum
316 1017 440 1094 penitus
464 1021 536 1074 stant
560 1016 597 1074 ab
618 1015 746 1074 relativa
768 1017 798 1074 in
822 1017 957 1090 passibili
977 1021 1006 1074 et
1029 1017 1194 1091 irrationali

12 1086 203 1171 winae
231 1109 318 1178 parte
346 1102 466 1180 purgati
497 1099 663 1161 allectione.
722 1100 771 1160 Sic
802 1103 881 1161 enim
911 1103 1056 1162 docemur
1084 1106 1114 1163 in
1146 1103 1193 1162 his

10 1156 250 1252 ‘Quaerens
276 1186 523 1264 ‘contemplandis
555 1204 592 1247 eo
621 1186 702 1263 quod
731 1187 906 1247 dehordeo
931 1187 1064 1249 suntilli
1087 1205 1194 1266 panes,

10 1258 157 1341 'mod
192 1291 290 1355 genus
320 1275 460 1335 frumenti
489 1273 573 1333 cibus
603 1274 706 1333 bestiis
736 1280 782 1333 cst
811 1291 880 1334 cum
910 1275 1083 1335 lrominibus
1112 1292 1195 1337 com·

10 1338 198 1447 imanis,
234 1368 265 1422 et
295 1361 376 1436 quod
407 1376 474 1420 cum
507 1360 681 1419 mulieribus
714 1365 801 1420 erant
831 1367 922 1434 utque
952 1361 1065 1424 liberis.
1130 1360 1194 1422 Hoc

13 1430 162 1514 §Qui
192 1448 273 1509 clara
302 1447 436 1508 ostendit
467 1463 520 1506 eos
551 1463 611 1506 non
645 1447 792 1506 alienatos
823 1446 913 1521 piane
944 1448 1037 1507 luisse
1068 1447 1194 1506 avota-

13 1515 210 1594 'binariis
246 1533 461 1610 cupiditatibus
499 1538 528 1591 et
565 1534 602 1592 ab
640 1532 764 1592 infantili
804 1549 840 1592 ac
870 1549 948 1594 vona
978 1536 1193 1611 cogitationum

22 1600 257 1689 ἶ’,ῑθὶὶιιὶιιιιιι
309 1619 466 1680 Desertum
499 1634 569 1678 vero
598 1625 646 1678 est
676 1618 725 1676 llic
754 1618 903 1691 arundus,
934 1622 962 1679 in
994 1637 1054 1694 quo
1077 1623 1122 1681 eis
1145 1623 1194 1695 qui

10 1684 144 1759 ’Μ’
166 1705 333 1767 naturalem
363 1703 647 1779 contemplationem
679 1707 758 1766 circa
782 1703 871 1766 deum
896 1714 1125 1767 commoventur
1147 1705 1194 1766 del

26 1782 37 1814 ³
172 1809 205 1869 o,
231 1798 360 1852 naturae
383 1793 517 1851 rationes
541 1791 736 1866 spiritualiter
759 1791 971 1869 confringens,
997 1810 1117 1853 ornnem
1141 1795 1193 1852 bo-

10 1860 191 1943 ''cussmm
214 1877 432 1954 plenitudinem
457 1878 659 1954 gratificatur,
690 1883 723 1936 ut
745 1877 857 1938 docent.
880 1880 1071 1952 reliquiarum
1093 1877 1195 1953 copill-

65 1946 134 2036 ¹¹l‚
163 1965 322 2026 duodecim
346 1980 483 2025 numero.

21 2228 30 2249 ἱ
82 2123 350 2236 Contemplatio
373 2139 413 2208 in
437 2135 707 2209 duodenarium
731 2159 937 2209 numerum.

10 2268 27 2343 ζ
191 2266 404 2328 Duodcnarins
433 2283 580 2327 numerus
612 2285 683 2326 vero
712 2269 863 2345 siguificat
886 2268 1019 2325 rationes
1044 2270 1195 2340 tempora-

10 2382 22 2439 ι,
83 2342 129 2427 les
156 2358 187 2412 ct
215 2352 386 2428 naturales,
416 2359 449 2413 ut
479 2355 528 2428 qui
559 2371 596 2412 ex
619 2354 753 2429 quinque
776 2360 823 2413 est
846 2359 875 2412 et
898 2357 1013 2428 septem
1036 2368 1090 2426 per
1113 2368 1195 2409 conr-

81 2439 264 2527 positionem
288 2439 467 2514 completus.
514 2437 727 2514 Septenarium
752 2442 830 2499 enim
854 2445 973 2513 tempus
997 2443 1060 2506 cst,
1090 2441 1195 2512 utpote

10 2582 12 2587 .
80 2538 137 2605 per
165 2526 266 2586 orbem
298 2541 368 2585 sese
399 2525 655 2601 circumvolvens,
686 2532 715 2585 et
740 2526 779 2585 ad
804 2525 967 2584 motionem
991 2527 1194 2600 congruenter
1252 2551 1263 2558 -

79 2608 188 2688 aptum
217 2627 270 2687 per
300 2611 523 2672 extremitatum
555 2629 573 2670 a
604 2611 704 2671 irradio
731 2609 898 2671 secundum
930 2626 1089 2671 enutrieram
1124 2624 1192 2668 euni

77 2713 214 2773 aequam
244 2697 431 2757 distantiam.
484 2696 626 2769 Quinaria
658 2714 727 2758 vero
752 2704 799 2758 est
822 2703 929 2757 natum
953 2705 983 2757 el
1004 2698 1046 2755 ita
1070 2711 1194 2770 curopa-

76 2790 150 2844 rata
180 2789 214 2842 ut
244 2786 300 2844 sab
331 2783 414 2842 hunc
445 2800 602 2843 muncrum
634 2784 739 2857 cudat,
776 2789 805 2843 et
833 2790 955 2859 propter
984 2799 1109 2843 sensum
1134 2797 1194 2857 quo

73 2871 212 2949 pertinet
234 2869 477 2944 quinquetariam
501 2870 647 2941 divisum,
685 2876 714 2928 et
738 2870 816 2945 quod
844 2873 988 2939 materia,
1019 2886 1098 2942 qnae
1121 2870 1194 2928 sim-

73 2957 199 3033 pliciter
229 2955 416 3034 appellatur,
450 2970 588 3031 quaeque
613 2957 828 3030 quadrifariam
853 2957 950 3015 divisa
974 2962 1035 3028 est,
1065 2955 1192 3013 formam

73 3042 175 3104 nabet
197 3044 394 3117 superiorem.
440 3039 553 3103 Natura
577 3043 655 3101 enirn
680 3043 752 3101 nilnl
776 3041 858 3100 aliud
881 3048 929 3099 cst
952 3055 1043 3114 quam
1068 3040 1193 3098 rnateria

72 3144 150 3191 eam
175 3127 285 3198 torma,
320 3129 385 3187 sive
408 3130 533 3189 materia
556 3127 694 3188 formata.
754 3126 827 3186 Nam
853 3128 947 3186 tonna
971 3126 1116 3186 materiae
1140 3123 1193 3184 ad·

73 3217 160 3276 lecta
183 3220 324 3275 naturam
347 3213 447 3273 allicit.
490 3278 493 3283 ,

70 3383 166 3472 Alia
190 3383 228 3456 in
250 3383 351 3457 idem
376 3386 646 3483 contemplatio.
687 3417 688 3421 ¹

184 3516 238 3577 Vel
267 3519 417 3595 significat
446 3536 551 3579 eornm
582 3536 662 3594 quac
690 3519 769 3579 lucta
800 3524 830 3576 et
859 3534 937 3592 quae
968 3522 1092 3577 aeterna
1119 3522 1192 3577 sunt

70 3602 295 3680 cogitationes,
337 3610 441 3680 utpote
478 3621 557 3680 quae
595 3614 757 3666 moventur
794 3609 823 3663 et
853 3604 1076 3680 circumscripta
1108 3607 1188 3674 sunt,

70 3695 105 3749 et
136 3690 291 3750 essentiae
321 3695 351 3749 et
381 3691 533 3764 qualitatis
565 3698 594 3750 ct
623 3690 703 3751 modi
733 3692 879 3750 rationem
904 3691 1037 3766 cupiunt.
1093 3686 1189 3746 Omne

69 3773 157 3835 enim
194 3776 303 3836 mobile
341 3783 370 3836 et
399 3775 513 3836 lactum
543 3779 660 3850 existit,
703 3783 732 3836 et
762 3775 873 3835 idcirco
904 3777 967 3836 lieri
997 3791 1058 3834 non
1089 3780 1189 3848 potest

70 3861 148 3935 quin
178 3864 305 3937 tempori
336 3863 505 3923 subiectum
537 3865 589 3937 sit,
626 3863 716 3922 etiam
747 3864 771 3921 si
803 3878 862 3920 non
895 3863 920 3921 ei
952 3859 1030 3935 qnod
1056 3861 1188 3920 motione

70 3953 279 4008 mensuratur.
336 3946 453 4008 initium
484 3950 565 4007 enim
594 3948 684 4007 lrabet
712 3950 893 4008 existentiae
918 3946 1121 4022 quodcunque
1144 3946 1187 4005 l-

68 4038 155 4093 ctum
176 4036 237 4107 est,
262 4033 373 4108 quippe
393 4034 474 4108 quod
494 4035 523 4092 in
543 4034 735 4094 existentium
755 4035 896 4103 intrarit,
920 4034 1052 4108 itemque
1071 4031 1188 4093 distan-

68 4120 147 4179 tiam
170 4117 219 4178 vel
242 4120 375 4196 spatium
400 4136 438 4179 ex
463 4136 522 4193 quo
545 4121 678 4180 existere
700 4121 821 4195 incepit.
873 4116 959 4192 Quod
983 4120 1007 4178 si
1032 4124 1062 4178 et
1085 4118 1188 4181 existit

67 4210 101 4264 et
131 4209 268 4265 movetur
297 4221 387 4264 omne
410 4206 538 4276 iactum,
571 4222 698 4266 necesse
722 4213 769 4266 est
792 4207 883 4266 etiam
907 4211 940 4266 ut
965 4205 1022 4266 sub
1045 4210 1186 4267 naturam

67 4296 101 4350 et
136 4296 256 4365 tempus
286 4291 391 4366 cadat,
426 4294 482 4351 suo
514 4293 639 4353 alteram
669 4294 707 4353 ob
732 4293 941 4367 existentiam,
973 4292 1032 4353 sub
1055 4290 1215 4353 alterum‘
