2752 4778
1078 197 1153 273 253

36 381 255 463 praedicatur,
285 389 317 443 et
338 381 417 441 deus
438 386 469 443 et
490 387 593 459 pater,
618 384 738 457 proprie
756 380 879 455 quidem
897 384 1019 457 quando
1039 388 1155 447 naturis

38 471 262 545 convenienter
299 471 425 528 nomina
461 469 549 529 simul
576 469 826 543 pronuntiantur,
864 470 1025 545 improprie
1053 480 1155 534 autern

37 557 169 633 quando
199 555 348 616 naturalis
377 557 536 630 utriusque
565 555 724 630 possessio
752 570 857 614 eorum
879 555 962 615 unde
984 563 1015 616 et
1036 558 1066 615 in
1091 559 1157 632 qni-

38 643 103 706 bus
133 643 237 703 existit
264 641 345 718 quod
368 643 472 702 existit
493 642 629 702 alterutri
652 646 772 716 propter
794 642 987 702 substantiae
1008 646 1156 705 unitatem

37 730 175 791 invicem
197 729 376 789 attribuitur.
422 727 509 801 Quod
532 744 599 788 curn
619 728 720 787 facere
739 729 891 802 nesciant,
915 734 983 800 aut,
1004 736 1039 790 ut
1056 732 1155 808 magis

39 817 168 895 proprie
190 813 307 886 dicam,
338 830 399 873 non
422 817 595 875 sustineant
616 820 646 874 et
668 812 875 892 refragentur,
906 821 1026 876 veteres
1049 822 1079 875 et
1101 817 1156 877 ho·

39 900 95 965 dic
118 903 168 978 qui
187 907 296 962 extant
317 900 464 961 haeretici
484 902 676 979 unigenitum
699 899 790 960 deum
813 899 990 962 Sermonem
1013 902 1157 978 blasphe-

40 1004 132 1051 mare
166 1004 227 1050 non
257 986 444 1063 detrectant,
479 1005 561 1048 nunc
591 987 630 1048 ad
660 993 831 1047 creaturam
860 1003 928 1047 eum
960 988 1156 1064 deprimendo

40 1081 169 1155 propter
191 1075 342 1149 hamana,
367 1091 449 1135 nnnc
468 1074 727 1151 dispensationem
748 1073 960 1134 contundendo
978 1092 1033 1150 per
1052 1092 1156 1136 earum

39 1160 131 1225 uude
159 1166 280 1222 constal
309 1166 485 1223 naturarum
514 1162 755 1239 renegationem.
822 1160 908 1220 Alius
938 1177 1010 1221 vero
1040 1160 1157 1221 divina-

41 1264 114 1311 rum
141 1264 242 1309 rerum
271 1249 474 1324 peritissimus
497 1263 515 1308 a
538 1264 586 1307 me
609 1247 769 1308 consultus
792 1247 822 1307 in
844 1245 927 1306 hunc
949 1247 1011 1307 lere
1034 1247 1157 1308 modum

32 1328 263 1411 'interpretatus
287 1341 348 1394 est:
385 1333 450 1395 Hoc
473 1336 625 1411 ‚proprie‘
655 1341 685 1395 et
706 1333 780 1394 illud
810 1334 990 1409 ,improprie
1013 1333 1051 1394 de
1073 1340 1158 1394 ntra-

43 1427 123 1498 que‘
153 1422 291 1482 eiusdem
319 1427 367 1482 est
394 1421 629 1497 praedicationis
658 1421 818 1495 relativae,
854 1421 919 1480 sive
946 1422 1059 1497 patris,
1091 1422 1156 1481 sive

42 1508 115 1583 dei,
145 1509 210 1569 sive
238 1510 329 1568 etiam
358 1510 517 1583 utriusque
547 1509 694 1579 nominis,
723 1513 758 1566 ut
780 1508 818 1567 de
839 1523 901 1566 uno
925 1507 1043 1567 Christo
1066 1524 1158 1567 usur-

42 1600 158 1673 patae,
191 1596 241 1669 qui
270 1610 309 1655 ex
337 1593 456 1655 duobus
486 1596 644 1654 contrariis
667 1600 804 1664 constat,
832 1594 861 1653 id
886 1598 933 1654 est
955 1611 994 1654 ex
1016 1611 1053 1655 eo
1076 1593 1157 1668 quod

43 1682 201 1758 ,proprie‘
224 1685 314 1741 etex
337 1680 478 1755 eoquod
502 1697 580 1756 ,non
603 1682 745 1758 proprie!
798 1679 902 1756 ltaque
925 1682 950 1740 si
974 1680 1050 1741 deus
1074 1680 1158 1739 Chri-

44 1768 86 1829 sti
121 1773 209 1844 pater
247 1766 376 1827 duarum
420 1773 597 1828 naturarum
638 1773 780 1844 respectu
822 1765 955 1843 dicetur,
1002 1769 1157 1843 ,proprie‘

44 1869 127 1916 sane
156 1853 195 1914 ad
223 1860 394 1914 creaturam
424 1856 600 1931 pertinebit,
642 1854 835 1930 ,improprie‘
866 1860 967 1915 autem
997 1855 1036 1913 ad
1066 1854 1158 1913 deum

45 1956 232 2002 sermonem.
288 1939 363 2000 item
395 1957 433 2000 ex
463 1942 594 2002 adverso
623 1946 709 2016 pater
738 1942 897 2015 pertinebit
930 1941 1083 2016 ,proprie‘
1118 1939 1157 2000 ad

46 2042 221 2089 samonem
244 2025 284 2086 ad
308 2032 476 2087 creaturam
500 2034 608 2087 contra
631 2027 823 2102 ,improprie‘,
852 2031 941 2102 prout
963 2029 1053 2086 etiam
1076 2024 1158 2100 apud

46 2130 107 2175 nos
137 2111 215 2174 haec
241 2113 286 2172 uti
313 2112 454 2174 dicuntur
489 2130 523 2173 se
556 2113 680 2174 habent.
747 2111 856 2172 Noster
888 2113 968 2171 enim
1003 2111 1156 2188 ,proprie‘

46 2199 172 2277 quidem
195 2200 271 2260 deus
294 2204 357 2275 est,
394 2201 587 2277 ,improprie‘
619 2204 720 2259 aulem
742 2203 838 2273 pater,
894 2198 990 2277 Quam
1012 2199 1158 2257 observa·

45 2288 164 2349 tionem
193 2301 211 2346 a
234 2287 373 2361 sapiente
400 2286 451 2347 illo
474 2292 648 2362 acceptam,
683 2301 752 2344 cnm
776 2285 904 2361 elegans
927 2285 983 2355 sit,
1014 2284 1088 2343 libro
1111 2285 1157 2341 in-

46 2372 211 2436 serendam
234 2389 305 2432 esse
326 2374 439 2449 putavi.

47 2522 110 2602 Ex
130 2524 258 2599 eodem
282 2514 467 2615 sermone,
494 2524 534 2597 in
559 2523 675 2615 illud,
702 2520 890 2622 ,Accipere
912 2546 1012 2615 eum,
1041 2523 1080 2597 id
1105 2532 1160 2596 est

101 2623 307 2720 Christum,
334 2628 450 2702 vitam
473 2636 537 2700 aut
560 2626 742 2701 iudicium
762 2635 827 2700 aut
847 2627 1013 2726 gentium
1032 2626 1158 2701 haere·

101 2730 255 2806 ditatem
279 2739 348 2809 ,aut
373 2731 492 2803 omnis
524 2732 642 2805 carnis
672 2739 887 2831 potestatem
919 2740 981 2805 aut
1002 2730 1159 2830 gloriam

100 2845 166 2909 aut
197 2833 417 2934 discipulos,
454 2844 517 2907 aut
548 2845 665 2909 cetera
702 2836 780 2909 eius
808 2836 950 2934 generis
980 2860 1073 2935 quae
1105 2835 1158 2909 di·

99 2941 265 3029 cuntur‘,
293 2937 466 3037 quodque
488 2939 661 3037 magister
685 2939 786 3014 hisce
813 2939 1028 3039 subiungat,
1061 2936 1160 3031 ,Hoc

99 3063 247 3142 quoque
287 3041 335 3115 ad
372 3041 638 3116 humanitatem
680 3045 853 3141 spectat‘,
900 3053 937 3116 et
977 3043 1159 3139 deinceps,

98 3140 350 3244 ,Quamquam
374 3152 417 3216 ut
441 3145 531 3218 haec
554 3145 664 3219 etiam
696 3146 763 3219 deo
794 3144 1018 3236 tribuamus,
1054 3143 1160 3217 nulla

98 3247 188 3323 inde
203 3246 411 3322 absurditas
431 3258 683 3346 consequetur.
724 3245 759 3320 N
760 3271 807 3321 on
830 3248 928 3322 enim
945 3248 1052 3322 velut
1070 3244 1158 3319 asci-

98 3352 187 3426 ticia
206 3352 240 3426 ei
257 3350 415 3442 tribues,
437 3351 504 3425 sed
524 3376 616 3450 quae
627 3352 733 3427 velut
748 3377 769 3424 a
785 3351 965 3451 principio
985 3374 1160 3424 unacum

96 3454 178 3557 ipso
201 3455 406 3546 extiterint,
436 3464 473 3528 et
495 3455 634 3531 ratione
659 3465 826 3546 naturae,
854 3480 928 3528 non
951 3455 1111 3554 gratiae!

154 3591 199 3652 De
227 3592 285 3652 hoa
316 3607 434 3651 mecum
466 3607 689 3667 saepenumero
723 3608 791 3651 curu
827 3591 1048 3664 haesitassem,
1085 3605 1160 3664 quo·

46 3677 139 3740 modo
169 3683 200 3739 et
228 3695 289 3753 qua
317 3678 451 3749 ratione,
486 3682 519 3738 ut
549 3680 591 3738 ait
625 3680 788 3756 magister,
824 3677 902 3739 deus
937 3676 1016 3752 quod
1050 3681 1160 3737 natura

46 3763 143 3826 habel
173 3766 312 3841 accipere
341 3764 475 3836 dicatur,
506 3780 637 3839 cumque
660 3765 732 3824 mibi
756 3765 935 3824 satisfacere
957 3764 1161 3847 non-potuis·

47 3866 131 3927 sem,
161 3850 292 3925 denique
321 3866 428 3910 senem
458 3852 628 3927 sapientem
659 3851 742 3910 adire
771 3852 869 3912 satius
893 3852 990 3910 visum
1014 3861 1077 3923 est,
1110 3849 1160 3922 qni

46 3952 117 3999 eam
139 3938 354 4014 quaestionem
377 3952 468 4011 quam
492 3938 589 4013 perite
611 3936 762 4012 expedivit
784 3938 826 3996 ita
848 3936 985 3996 locutus:
1014 3934 1046 3994 Si
1069 3950 1160 4008 quem

46 4039 149 4086 rerum
178 4029 305 4085 naturae
334 4022 485 4099 aliquibus
507 4024 702 4098 interpretem
726 4038 759 4083 se
783 4029 940 4099 praestare
963 4022 1041 4082 velle
1064 4021 1161 4098 linga·

46 4125 136 4183 mus,
164 4109 215 4172 tlle
244 4112 310 4171 suis
340 4109 529 4170 auditoribus
552 4109 647 4180 dicet,
681 4109 795 4169 Demus
818 4109 876 4169 deo
899 4108 1160 4184 omnipotentiam,

46 4198 247 4274 sapientiam,
276 4197 460 4267 bonitatem,
487 4197 653 4268 iustitiam,
683 4211 781 4270 aeque
804 4195 970 4256 conditioni
993 4195 1159 4269 servitium,

46 4283 288 4358 oboedientiam,
325 4284 653 4359 circumscriptionem,
689 4282 729 4342 de
760 4283 854 4343 nihilo
884 4281 1094 4354 existentiam,
1131 4284 1161 4340 et

47 4384 128 4447 quae
156 4388 196 4433 ex
224 4369 273 4432 his
305 4375 548 4447 consequuntur,
577 4376 666 4446 prout
697 4374 805 4431 natura
834 4370 993 4445 utriusque
1022 4370 1053 4428 in
1077 4382 1160 4428 com-
