2768 4784
249 201 321 275 142

247 380 422 464 παιδεύων,
451 373 524 447 οἷόν
547 406 594 457 τις
616 381 752 467 φυσικάς
765 380 888 488 νόμος,
919 378 992 456 τούς
1010 380 1098 466 παρδι
1120 379 1252 492 μύτιν
1241 386 1297 473 τῆ.
1294 378 1362 467 ,φά-

247 496 296 539 σει
318 472 509 556 χρωμένους.
555 471 715 533 Τοιούτον
737 464 874 553 γάρκαὶ
897 463 914 546 ῆ
938 464 1048 550 φύσις,
1081 490 1154 574 τογς
1176 463 1284 548 αύτῆν..
1287 488 1369 543 ,τεὴ

247 562 453 663 ραηιθείρειν
458 552 699 657 ἐπιχειροῦντας
716 557 871 620 τοσοῦτον
888 551 1124 634 xoldcowa‚“
1102 577 1184 619 οσον
1197 557 1257 618 τού
1271 552 1360 639 ¹⁰0⁸

247 642 345 725 φύσιν
368 640 421 720 ζῆν
439 637 675 720 ἐπιτηδεύουσι,
698 644 744 728 τῷ
759 638 801 724 μῆ
822 639 899 721 δ’λην
916 636 1010 720 αύτῆς
1025 641 1170 743 φυσικῶς
1185 639 1270 707 έτιιι

248 734 330 794 σθαι
353 731 417 806 τῆς
428 726 552 811 φύσεως
568 726 622 806 τῆν
642 704 791 808 δύναμιν,
812 728 1012 808 μειωθέντας
1019 723 1145 834 555⁸
1107 749 1161 804 της
1177 722 1245 791 κατ’
1264 722 1361 807 αύητ

248 812 435 896 άρτιότητος
456 818 509 919 κμλ
533 813 585 878 διά
608 817 701 879 τούτο
725 807 1030 921 κολαζομένους,
1006 837 1048 890 ως
1069 811 1195 890 έαυτοίς
1208 809 1360 896 άβούλυς

248 925 280 966 τε
310 904 364 965 καλ
394 897 544 1006 ἀφρόνως
568 897 621 964 διὰ
648 903 701 979 τῆς
728 897 810 985 πρδς
835 895 871 964 τδ
900 897 942 981 μῆ
972 895 1011 963 δν
1039 896 1174 972 νεύσεως
1195 923 1252 965 του
1238 890 1358 965 ἐἶναι

248 991 486 1095 παρεχομένους
507 984 561 1066 τῆν
582 984 734 1089 ἔλλειψιν.

355 1071 386 1136 ι’.
424 1069 517 1148 Ἴσως
545 1075 656 1137 δὲκαὶ
685 1068 739 1151 τῆν
768 1069 878 1150 νοητῆν
908 1076 962 1136 καὶ
990 1069 1045 1150 τῆν
1074 1070 1234 1150 αίσθητῆν
1255 1076 1360 1139 κτίσιν

243 1158 384 1268 ἔχεσθαι
412 1162 469 1223 τού
490 1161 701 1267 δημιουργοῦ
719 1155 817 1241 λόγου
845 1183 892 1233 τις
920 1156 1019 1223 είπολν
1047 1154 1100 1223 διά
1122 1160 1287 1234 Μωύσέος
1304 1160 1359 1225 115

243 1240 371 1322 Ἠλίου,
400 1248 453 1324 τῆς
481 1241 636 1324 ἀληθείας
665 1241 702 1307 ού
733 1242 950 1351 διαμαρτάνει.
999 1234 1055 1307 Ὧν
1082 1247 1135 1322 τῆς
1155 1247 1216 1324 μὲν
1237 1243 1359 1324 αἰσθη-

86 1355 133 1394 τοι
147 1358 159 1392 ι.
171 1349 240 1394 ιιιι.
248 1335 301 1410 τῆς
319 1330 325 1418 Ι
344 1334 487 1410 Μωύσῆς
500 1328 641 1439 λόγον
627 1333 748 1438 επέχει,
782 1326 825 1405 ὥς
846 1325 910 1395 ύπδ
933 1332 1057 1413 γένεσιν
1078 1334 1131 1394 καλ
1154 1333 1288 1417 φθοράν
1307 1340 1360 1413 γε·

249 1416 397 1500 νόμενος,
418 1412 568 1491 καθώς
550 1443 568 1495 5
591 1421 665 1500 περὶ
688 1411 787 1480 αύτού
809 1417 939 1501 ἱστορία
961 1413 1124 1495 δηλοί,·
1077 1441 1147 1523 την
1162 1419 1288 1500 γένεσιν
1303 1418 1360 1483 κδ

248 1501 305 1567 τδν
322 1503 466 1568 θάνατον
484 1499 580 1567 αύτου
567 1506 865 1586 καταγγέλλουσα.
912 1505 1071 1568 Τοιούτον
1088 1501 1149 1587 γάρ
1165 1528 1219 1568 και
1210 1502 1359 1581 αίσθητ

249 1587 282 1666 τῆ
306 1596 426 1670 κτίσις,
455 1585 556 1672 άρχην
579 1588 776 1673 ἐγνωσμένην
796 1592 946 1670 γενέσεως
963 1587 1083 1697 ἔχουσα
1100 1594 1154 1653 καί
1172 1589 1361 1698 διαρθορις

248 1669 438 1784 ιύρισμένον
449 1679 538 1753 τέλος
560 1674 743 1752 ἐλπίζουσα
794 1679 859 1754 Τῆς
880 1678 916 1740 δὲ
937 1679 1047 1754 νοητῆς
1065 1669 1190 1753 Ἠλίας,
1220 1701 1278 1752 ως
1285 1698 1360 1740 οοτε

246 1764 369 1845 γένεσιν
399 1757 497 1825 αύτού
524 1765 577 1840 τῆς
605 1766 699 1867 περὶ
710 1757 805 1825 αύτού
831 1760 1015 1845 μηνυούσης
1040 1759 1200 1868 ἱστορίας,
1241 1757 1315 1827 κάν
1321 1758 1359 1827 ελ

247 1850 442 1954 γεγέννηται,
476 1844 547 1912 ούτε
576 1844 638 1930 μῆν
667 1844 721 1926 τῆν
750 1842 804 1911 διά
834 1847 976 1913 θανάτου
1007 1842 1140 1951 φθοράν
1168 1846 1358 1953 έλπίζεσθω

249 1928 451 2016 ὁριζομένης,
486 1929 545 2006 κάν
572 1934 601 1997 εἰ
631 1933 826 2012 τεθνήξεται.
882 1937 1041 1999 Τοιοῦτον
1062 1929 1124 2016 γάρ
1146 1938 1201 1998 καὶ
1224 1923 1241 2013 5
1265 1932 1359 2014 ’νοητὴ

247 2027 366 2101 κτίσις,
403 2017 475 2084 ούτε
504 2017 605 2104 άρχῆν
633 2023 782 2130 γενέσεως
809 2015 995 2129 άνθράποις
1023 2018 1200 2099 κατάδηλον
1227 2018 1359 2128 έγουσα,

248 2102 307 2171 κάν
328 2106 358 2170 εί
380 2109 540 2188 γεγένηται
562 2111 616 2171 καὶ
639 2098 750 2191 ἦρκται
773 2110 827 2171 καὶ
850 2105 884 2171 έκ
907 2110 964 2172 τοῦ
984 2133 1026 2190 μη
1047 2105 1140 2182 δντος
1157 2105 1204 2182 τίς
1219 2130 1257 2171 το
1275 2098 1358 2172 είνσι

247 2195 439 2298 παρῆκται,
454 2191 526 2258 ούτε
545 2197 635 2269 τέλος
656 2196 714 2257 τού
735 2184 817 2258 εἶναι
840 2188 894 2257 διιλ
910 2188 1092 2344 ρθοράςε
1069 2195 1249 2303 ωρισμένον
1271 2191 1359 2259 ἐκδέι·

246 2302 366 2384 χεται
394 2274 441 2342 Τδ
464 2277 525 2388 γὰρ
549 2273 736 2365 άνοίλεθρον
758 2281 900 2382 φυσικῶς
916 2277 982 2363 ἔχει
999 2282 1144 2362 λαβοῦσα
1160 2278 1249 2364 παρά
1270 2280 1358 2357 θεοῦ,

247 2368 304 2429 τού
327 2363 426 2440 ούτως
439 2363 543 2445 ὀιύτῆν
565 2368 796 2459 δημιουργῆσαι
818 2359 1026 2446 θελῆσαντος.

239 2502 349 2594 ’Ἁλλη
377 2499 572 2596 συνεκτικὴ
599 2498 796 2596 θεωρία’
767 2529 817 2583 εις
836 2498 904 2597 τὴν
927 2496 1341 2599 55555555555515..-

353 2631 395 2694 E5
429 2633 474 2697 55
493 2655 535 2717 τῳ
564 2629 606 2715 μῆ
635 2629 881 2739 περιεργάτερος
909 2635 966 2696 τού
994 2634 1122 2706 δέοντος
1150 2623 1233 2697 εἶναι
1264 2633 1357 2705 δοκιύ,

247 2723 301 2782 καὶ
324 2716 433 2799 ἕτερον
454 2719 536 2800 μέγα
557 2741 589 2782 τε
611 2722 666 2783 καὶ
681 2723 798 2824 θεῖον,
826 2713 868 2793 ολς
887 2710 997 2800 οἶμαι,
1021 2716 1065 2783 ἐκ
1077 2720 1131 2796 τῆς
1152 2722 1247 2793 θείας
1264 2741 1358 2825 μγτα·

245 2801 444 2909 μορμολσεως
470 2801 647 2914 μυστήριον
676 2798 751 2911 ῆμῖν
772 2801 997 2908 διαφαίνεται,
1028 2809 1082 2869 καί
1105 2828 1166 2868 των
1188 2803 1359 2889 εἰρημένων

245 2887 482 2993 λαμπρότερον.
536 2883 635 2998 Οἶμαι
663 2888 724 2973 γάρ
754 2886 827 2965 τούς
855 2888 1001 2956 καθόλου
1032 2888 1088 2963 δύο
1113 2893 1165 2970 τῆς
1186 2894 1359 2998 θεολογίας

247 2972 387 3059 τρόπους
417 2980 576 3059 μυστικαῖς
607 2973 802 3060 ύφηγείσθαι
836 2974 873 3041 τά
903 2975 958 3041 ἐπὶ
986 2974 1043 3042 τού
1072 2973 1169 3082 ὄρους
1196 2973 1276 3041 κατά
1305 2970 1359 3055 τῆν

246 3060 497 3164 μεταμόρηωσιν
519 3066 689 3170 θεοπρεπῆ
709 3060 1033 3173 δραματουργῆματα,
1067 3061 1178 3128 τόντε
1200 3058 1358 3146 προηγού·

246 3147 344 3233 μενόν
366 3155 447 3257 φημι
469 3154 523 3214 καὶ
544 3145 667 3214 ιλπλούν
685 3153 740 3214 καὶ
760 3147 919 3226 άναίτιον,
943 3154 998 3214 καὶ
1016 3147 1069 3213 διδι
1086 3147 1186 3252 μάνης
1204 3153 1258 3215 καί
1277 3172 1357 3213 παν·

248 3231 403 3309 τελούς
383 3235 605 3345 αποηιάσεως
604 3233 640 3300 τὰ
668 3231 810 3300 θείονι
787 3259 829 3310 ως
857 3231 986 3316 άληθιύς
1009 3232 1275 3318 καταφάσκοντα,
1305 3237 1356 3300 καλ

249 3319 303 3400 τῆν
325 3317 485 3424 ύπεροχην
508 3317 604 3386 αύτου
626 3316 705 3386 διΗ
686 3325 828 3404 αφασίας
847 3320 982 3397 δεόντως
999 3319 1208 3404 σεμνύνοντα,
1230 3325 1286 3386 καί
1302 3314 1357 3387 τδν

248 3405 405 3556 ἑπόμενον
423 3405 523 3518 τούτῳ
542 3413 597 3473 καὶ
600 3404 788 3515 σύνθετον,
811 3406 864 3473 διδ
883 3405 1092 3518 καταφάσεως
1105 3408 1357 3516 μεγαλοπρεπάς

87 3490 283 3557 0051163155
311 3497 372 3557 τῶν
391 3493 450 3577 λ’
416 3497 567 3559 αιτιατῶν
582 3489 842 3605 ύπογράφοντα·
879 3487 944 3577 οἷς,
973 3493 1052 3559 κατὰ
1080 3492 1116 3560 τδ
1146 3491 1283 3559 δυνατδν
1302 3478 1356 3557 ιλι-

247 3578 401 3662 θρώποις
418 3571 594 3660 εἰδέναι,ε
577 3607 592 3660 5
611 3605 686 3665 περι
677 3585 786 3646 θεοῦ
803 3585 905 3646 τεκαὶ
923 3584 985 3645 ταῖν
1001 3578 1134 3645 θεῖ’ων
1107 3582 1355 3690 επαιωρουμίνη

247 3669 372 3774 γνιύσις
394 3663 446 3729 διά
475 3669 537 3731 τῶν
565 3669 757 3775 προςςουαῑν
765 3661 839 3774 ῆμῖν
864 3665 1032 3749 συμβόλων
1054 3664 1136 3750 πρδς
1157 3662 1357 3771 ἀμφοτέροις

248 3746 329 3835 ῆμάς
350 3748 420 3858 άγει
442 3750 516 3829 τούς
533 3751 687 3904 τρέόπους,
717 3748 757 3816 δι’
775 3750 926 3834 εὐσεβοῦς
943 3756 1005 3817 τῶν
1024 3750 1123 3817 άντων
1139 3748 1357 3832 κατανοῆσειις

248 3836 440 3942 ἀμφοτέρων
443 3834 541 3948 ῆμῖν
563 3838 728 3924 έφιστῶσα
750 3836 823 3914 τούς
844 3837 976 3949 λόγους,
1009 3844 1078 3905 καὶ·
1085 3842 1143 3904 τού
1161 3841 1222 3922 μέν
1243 3838 1356 3924 προτέ-

248 3948 307 4005 ρου
331 3928 395 3988 πᾶν
417 3923 452 3989 τδ
477 3950 556 4031 υπερ
579 3925 735 4006 αἴσθησιν
757 3918 974 4033 σύμβολον
943 3950 1025 3990 ειναι
1055 3923 1270 4036 διδάσκουσα,
1302 3925 1357 3991 τοῦ

249 4011 283 4072 δὲ
314 4013 461 4114 δευτέρου
489 4008 526 4075 τά
556 4008 622 4076 κατ’
652 4011 808 4089 αἴσθησιν
829 4008 1033 4122 ιλθροιστικά
1055 4003 1137 4075 εἶναι
1159 4008 1357 4099 παιδεύουσα

246 4094 540 4206 μεγαλουργῆματα.
591 4092 703 4163 Ἕκ
653 4122 726 4207 γαρ
749 4095 810 4167 τῶν
831 4093 910 4180 ύπὲρ
935 4096 1091 4177 αίσθησιν
1112 4085 1285 4200 συμβόλων
1305 4092 1357 4179 τῆν

248 4172 327 4264 ύπὲρ
349 4178 523 4271 λόγονκαὶ
547 4187 621 4249 νούν
628 4178 799 4334 άλῆθειαν
820 4175 903 4249 εἶναι
923 4181 1028 4266 μόνον
1048 4181 1240 4266 πιστεύομεν
1284 4183 1357 4271 περὶ

248 4269 305 4332 τού
327 4271 360 4330 τί
379 4274 433 4331 καὶ
455 4272 523 4346 πῶς
544 4275 598 4335 καὶ
621 4259 740 4335 δποίαν
761 4261 793 4335 ε
792 4294 843 4333 ναι
859 4273 915 4335 καλ
931 4271 996 4337 πού
1012 4274 1068 4335 καὶ
1084 4267 1163 4335 πότε
1179 4232 1358 4374 μηάᾶκ

248 4356 425 4436 τολμῶντες
446 4365 580 4420 σκοπεῖν
601 4381 618 4434 η
606 4350 805 4423 ίννοεΐν’
785 4353 989 4441 ανεχόμενοι,
1019 4358 1072 4435 τῆς
1093 4352 1303 4442 ἐγγειρῆσεως
1321 4350 1357 4423 εδ
