2752 4778
1139 152 1188 232 88

108 330 209 392 tuobls
230 329 291 392 dici
313 330 481 405 haberique
504 332 597 408 cupit.
657 331 743 393 Hunc
765 333 871 410 igitur,
902 352 921 393 o
945 339 1137 402 sanctissime
1159 348 1191 402 et

108 419 171 478 :erbo
204 429 236 478 et
266 433 373 495 opere,
412 419 553 494 quoniam
583 420 612 476 ln
645 420 794 478 vobismet
821 423 986 497 possidetis
1016 425 1187 505 formatum,

108 505 149 563 ius
175 519 294 578 quaeso
322 506 481 564 imitamini
505 503 781 583 longanimitatem:
817 506 898 568 banc
921 513 1115 586 scriptionem
1137 531 1188 575 ac-

108 593 180 666 ipita,
214 592 257 650 ita
280 596 314 651 ut
337 591 474 666 experiar
498 607 553 650 vos
577 590 692 651 iudices
717 608 821 651 eorum
845 610 924 668 quae
947 598 1032 659 attuli
1055 601 1188 661 clemen-

108 693 145 748 as,
166 683 271 736 vestra
289 678 512 751 aequanimitas
533 679 611 736 servi
636 680 728 737 vestri
753 686 851 740 errata
875 687 974 759 tegat,
999 687 1049 759 qui
1072 687 1187 749 nullum

108 765 194 836 uaent
223 763 318 823 alium
349 763 540 823 obedientiae
570 779 646 824 suae
676 764 816 824 fructum.
869 766 972 829 Estote
1005 771 1076 831 mibi
1105 776 1186 850 apud

108 849 229 909 [hristum
260 848 513 909 reconciliationis
544 853 710 924 sequestri,
746 866 914 927 pacemque
944 858 1082 918 conficite
1103 859 1184 920 illam

108 951 156 995 uae
188 951 313 995 ornnem
347 934 533 996 intellectum
565 943 704 1012 superat:
746 943 883 998 servator
912 941 997 1001 solus
1025 951 1072 1004 est
1102 949 1185 1020 pacis

108 1023 234 1097 inceps,
272 1021 358 1081 solus
392 1022 533 1082 timentes
564 1039 597 1082 se
628 1039 646 1082 n
676 1025 852 1099 passionum
884 1027 949 1086 salo
980 1045 1034 1103 per
1062 1031 1184 1092 babitus

108 1109 226 1168 mnioos
256 1107 379 1180 liberat,
411 1108 494 1168 solus
524 1115 611 1201 pater
641 1111 759 1169 venturi
783 1110 878 1170 seculi
900 1128 954 1186 per
976 1116 1132 1178 caritatem
1156 1125 1186 1180 et

108 1196 281 1272 agnitionem
311 1195 341 1252 in
372 1194 476 1268 spiritu
506 1201 634 1271 generat
663 1212 715 1256 eos
746 1197 797 1270 qui
825 1197 973 1258 mundum
998 1205 1183 1276 superiorem

108 1280 280 1355 omplcbuni.
327 1279 360 1338 iti
383 1283 422 1340 sit
444 1280 559 1357 gloria,
583 1283 728 1341 rttniestas
752 1288 781 1341 et
803 1283 975 1360 imperium,
1007 1304 1075 1347 cuin
1098 1295 1184 1365 patre

108 1372 234 1426 tsancto
259 1367 383 1441 spiritu,
407 1369 435 1424 in
461 1368 565 1429 secula
589 1367 771 1428 secttlorurn.
819 1371 927 1429 Amen.

164 2217 359 2295 DOMINO
388 2218 759 2304 GLORIOSISSIMO
786 2222 1095 2318 PllSSlMOQUE

108 2389 211 2448 trvtnx
234 2391 505 2450 rnovrnanmx
523 2392 656 2460 aranu
675 2393 905 2452 xnruvnnrn
925 2398 1071 2455 anxrrx
1090 2396 1180 2455 aaut

456 2542 798 2638 lntbltt

534 2733 715 2814 Iohannes
768 2727 769 2730 ¹

148 2879 345 2958 Extremus
372 2906 563 2958 servorum
589 2895 798 2960 vestrorum
824 2892 1037 2983 perpetuam
1063 2888 1101 2959 in

454 2997 599 3077 Christo
627 3003 795 3079 salutem.

111 3237 143 3281 oc
174 3237 251 3297 opus
285 3219 408 3281 Maximi
443 3221 582 3282 Monacbi
619 3229 649 3282 el
681 3223 823 3294 Abbatis,
866 3220 945 3296 quod
981 3219 1180 3284 Sanctissimo

109 3321 162 3382 que
182 3307 364 3369 Beatissimo
381 3307 614 3384 Ar·cbiepisoop0
637 3306 768 3384 ¹Kyzico
793 3307 927 3367 Iohanne
946 3308 1120 3382 postulante
1142 3310 1180 3370 de

108 3393 262 3455 rotundam
292 3396 322 3452 in
353 3396 545 3456 sermonibus
577 3396 744 3455 beatissimi
768 3391 904 3472 Gregorii
926 3392 1061 3472 theologi
1085 3392 1181 3457 'Am-

108 3497 246 3557 guorum‚
276 3479 335 3540 boc
353 3486 401 3540 est
421 3480 575 3541 intellectu
597 3480 775 3554 difficilium,
805 3479 1073 3555 explanationibus
1097 3497 1180 3542 conr·

108 3568 187 3643 suit,
213 3567 251 3627 de
271 3565 388 3627 Graeco
406 3567 436 3626 in
456 3567 594 3627 Latinum
614 3567 700 3626 vobis
718 3566 893 3626 iubentibus
917 3565 1012 3641 edidi;
1041 3567 1180 3627 difficilli-

108 3669 153 3712 um
172 3668 314 3730 prorsus,
338 3651 599 3713 Ortbodoxissime
619 3652 753 3730 Regum,
778 3652 898 3712 servulo
918 3657 1018 3712 vestro
1039 3653 1180 3714 imbecilli

108 3738 161 3799 title
182 3740 275 3800 etiam
297 3740 327 3797 in
352 3739 482 3815 Latinis,
515 3739 608 3799 multo
630 3740 728 3817 tnagis
750 3739 780 3797 in
804 3737 945 3811 Graecis,
975 3737 1110 3797 laborem
1134 3742 1180 3799 in-

108 3827 230 3901 nxistis,
269 3826 393 3901 insuper
425 3828 514 3886 etiam
550 3826 720 3885 accelerare
756 3824 848 3885 veluti
878 3823 994 3884 erudito
1022 3826 1179 3902 utriusque

108 3925 192 3987 nguae
215 3912 335 3987 citoque
357 3912 500 3989 perficere
523 3913 703 3987 imperastis.
751 3909 811 3970 Serl
831 3927 884 3986 pro
904 3911 1016 3970 viribus
1036 3912 1182 3990 ingenioli

108 4045 347 4059 w—

144 4115 165 4165 l.
189 4116 260 4180 bega
280 4115 387 4174 waiet.
407 4113 504 4179 (Gale.)
558 4117 582 4167 2.
602 4117 626 4164 ls
643 4123 683 4164 est
696 4113 771 4164 huius
787 4115 874 4179 operis
888 4112 984 4166 titulus.
1013 4114 1076 4166 Nam
1089 4117 1180 4169 Sebo-

108 4182 202 4250 naliud
228 4198 293 4248 opus
319 4192 358 4234 est
384 4183 460 4235 buius
479 4183 593 4235 Maximi.
639 4185 734 4234 Horum
755 4183 959 4247 Ambiguorum
983 4183 1039 4249 ipse
1065 4186 1180 4235 meminit

108 4251 200 4302 eximtis
218 4266 245 4318 p.
263 4253 302 4302 15.
324 4254 384 4302 tomi
403 4253 435 4304 ll.
457 4252 523 4318 Opp.
547 4253 689 4312 editorum,
716 4252 832 4301 meminit
850 4251 973 4313 Plrotins,
999 4255 1114 4303 meminit
1133 4253 1179 4303 Ra·

108 4317 161 4368 talos
176 4329 202 4372 et
220 4321 246 4371 in
266 4320 398 4372 codicibus
412 4322 544 4370 Vaticanis
561 4322 656 4372 servari
672 4327 790 4373 testatur.
808 4319 906 4386 (Gale.)

929 4389 974 4450 3*
