2752 4778
1142 195 1193 271 29

108 392 148 436 ra
178 371 344 438 araturam
368 378 472 454 negari
495 377 593 453 potuit
614 374 727 436 llornm
750 379 884 438 omnium
910 378 1071 455 cognitio,·
1089 384 1195 455 utpote

108 479 151 524 ra
187 465 413 534 intellectum,
442 469 507 524 erat
534 466 625 523 etiam
653 479 745 540 supra
774 463 1080 539 demonstrationem,
1112 466 1194 527 sola·
1267 536 1269 539 .

108 578 111 607 t
135 557 198 611 est
220 549 437 628 perceptibilis
460 549 519 610 tide
541 567 645 610 eorum
670 551 720 626 qui
743 549 850 610 Christi
874 553 1049 627 mysterium
1076 553 1193 613 sincere

108 644 275 698 terantur.
344 636 440 697 Huius
476 637 609 713 mysterii
643 639 789 697 rationem
821 636 975 712 quandam
1005 643 1193 700 contractam

108 726 198 784 tibet
237 722 420 800 conspectui
451 721 612 800 Dionysius
641 740 711 784 cnm
740 723 826 782 dicit:
876 721 967 799 ,Nam
999 729 1032 784 nt
1059 741 1194 786 summo-

108 836 113 871 ι
138 810 314 884 dicamus,
340 827 379 871 ne
401 809 492 869 homo
515 809 636 884 quidem
658 813 750 880 erati,
774 811 915 886 qnoniam
939 828 976 871 ex
1001 816 1111 872 natura
1134 828 1192 872 sua

108 899 172 957 mis
202 895 357 958 naturalis
382 898 574 956 necessitatis
598 903 810 972 expanserit,
845 903 876 956 et
897 912 992 973 supra
1015 897 1114 975 legem
1137 915 1194 958 na-

108 983 177 1045 tndi
220 985 273 1044 cni
310 999 366 1042 nos
403 984 586 1043 subiicimnr.
641 981 723 1058 ,Non
760 983 846 1057 qnod
870 1000 929 1043 non
959 989 1043 1044 esset
1072 984 1190 1062 homo‘‚

108 1071 225 1131 oniam
258 1069 428 1130 secundnm
461 1075 554 1142 tatem
585 1070 751 1129 essentiam
776 1085 846 1129 vere
868 1069 960 1130 homo
983 1077 1063 1143 erat,
1093 1072 1192 1147 iisque

108 1158 222 1218 inibus
257 1157 410 1217 obnoxius
441 1172 519 1231 quae
549 1162 688 1216 naturam
718 1162 855 1218 nostram
877 1157 1067 1217 comitantur.
1114 1155 1191 1232 ,Sed

108 1242 154 1303 od
187 1248 286 1303 natus
310 1258 392 1303 more
414 1241 582 1316 humano‘3
617 1242 767 1317 siquidem
790 1243 927 1304 eiusdem
950 1243 1108 1303 nobiscum
1126 1249 1192 1305 erat

108 1331 266 1404 sentiae,v
286 1335 315 1389 et
335 1328 427 1388 horim
450 1345 504 1406 per
527 1334 683 1405 naturam,
719 1345 883 1405 perquam
907 1334 938 1389 et
960 1346 1027 1389 nos.
1075 1328 1191 1405 ,Supra

108 1416 259 1490 ¹mines‘,
289 1415 378 1475 modo
402 1433 497 1489 novo,
528 1415 607 1491 qnod
630 1433 687 1476 nos
711 1431 772 1474 non
794 1416 938 1489 tacimus,
970 1420 1111 1478 naturam
1134 1418 1192 1477 cir-

108 1504 300 1562 inscribens.
348 1501 401 1574 ‚ut
425 1518 518 1578 snpra
539 1501 691 1562 hominem
713 1518 783 1562 vere
804 1503 902 1563 iactus
926 1502 1039 1563 lromo.‘
1084 1503 1191 1565 lindos

109 1589 154 1649 im
188 1604 287 1665 snpra
308 1593 465 1661 naturam,
500 1589 683 1650 strutiones
706 1589 875 1649 secundnm
898 1594 1040 1648 naturam
1062 1591 1190 1650 invicem

108 1690 140 1736 re
163 1674 281 1735 fraude
304 1677 477 1749 connexuit.
523 1672 636 1734 Horum
661 1692 829 1736 concursus
852 1692 919 1735 cnm
943 1692 999 1750 per
1021 1681 1056 1734 se
1078 1677 1191 1753 impos-

108 1761 171 1821 ntis
198 1766 300 1835 esset,
331 1761 397 1836 ille,
433 1761 480 1820 cni
511 1760 583 1820 nihil
606 1767 653 1822 est
673 1762 877 1837 impossibile,
907 1777 962 1821 eos
990 1763 1020 1821 in
1053 1779 1087 1822 se
1119 1779 1189 1823 vere

108 1847 190 1922 tivit,
229 1854 368 1907 neutram
397 1849 427 1905 in
457 1853 573 1922 partem
604 1848 726 1908 omnino
756 1865 860 1908 eorum
891 1864 1018 1923 quornm
1047 1853 1110 1908 erat
1132 1848 1189 1925 hy·

108 1935 214 1996 atesis
238 1936 277 1994 ab
299 1933 445 1994 alterutro
468 1934 497 1992 in
528 1934 683 2010 operando
710 1935 884 2009 declinans,
915 1937 976 1995 imo
1005 1937 1105 2011 potius
1134 1953 1189 2013 per

108 2026 260 2082 teratrum
290 2019 489 2095 confirmans;
531 2021 678 2095 siqnidem
705 2025 867 2096 utrumqne
897 2037 967 2081 vere
998 2025 1060 2098 est,
1097 2026 1128 2082 et
1156 2030 1188 2084 nt

108 2124 151 2170 us
183 2122 279 2169 suain
306 2107 373 2182 ipse
396 2111 496 2167 movet
518 2107 753 2184 humanitatem,
787 2113 939 2182 quatenus
962 2114 1064 2168 nutem
1084 2107 1188 2179 homo,

108 2210 167 2256 arn
191 2192 332 2254 declarat
355 2192 507 2254 deitatem.
552 2192 585 2252 ln
609 2199 718 2254 natura
739 2195 856 2266 divina,
879 2195 904 2252 si
928 2195 972 2253 sic
989 2193 1070 2268 loqui
1087 2193 1185 2269 liceat,

108 2296 192 2342 ssus
224 2284 288 2354 est,
318 2296 390 2340 nam
418 2279 586 2341 voluntarie
608 2297 720 2356 passus
742 2287 804 2355 est,
836 2286 866 2339 et
889 2296 989 2340 merus
1011 2279 1102 2340 homo
1125 2293 1186 2341 non

108 2364 143 2444 t;
174 2367 206 2425 in
229 2372 341 2427 natura
364 2366 500 2426 hnmana
523 2366 670 2428 miracula
692 2367 837 2443 patravit,
861 2382 933 2427 narn
954 2368 984 2426 in
1007 2367 1187 2439 conualuit,

108 2470 130 2514 ε
152 2452 263 2514 nudus
285 2453 383 2514 extitit
405 2453 492 2512 deus.
536 2452 582 2514 lta
604 2454 726 2528 quidem
748 2455 908 2529 passiones
931 2459 1018 2515 erant
1037 2454 1187 2513 mirabiles

132 2542 208 2601 novi
238 2540 378 2616 generis,
410 2545 532 2616 propter
554 2542 717 2617 potentiam
742 2541 875 2600 divinam
898 2541 1025 2601 netnrne
1048 2542 1113 2600 eius
1137 2543 1187 2616 qui

108 2643 191 2687 psus
220 2633 288 2698 est,
322 2632 353 2686 et
382 2626 528 2687 miracula
551 2631 638 2686 erant
657 2629 736 2686 inter
759 2629 935 2703 passiones,
958 2628 1108 2706 vqnoniam
1133 2643 1187 2704 pa·

108 2719 155 2775 ita
181 2718 275 2773 'erant
303 2713 333 2771 in
363 2711 502 2787 passibili
531 2713 665 2789 potentin
692 2716 809 2790 carniS,
840 2715 907 2774 eins
930 2716 980 2788 qni
1003 2731 1040 2774 ea
1064 2714 1187 2777 mirifice

108 2798 250 2867 eundum
283 2803 423 2858 naturam
458 2805 602 2875 operatus
632 2806 688 2860 est.
752 2798 849 2881 Quod¹
868 2799 1016 2866 intellexit
1045 2802 1188 2880 magister

108 2898 145 2946 tm
175 2884 307 2959 diceret,
341 2882 513 2960 ,Postremo
546 2903 604 2946 non
636 2902 696 2962 qua
723 2886 798 2946 dens
829 2886 929 2946 divina
959 2889 1077 2964 gessit‘
1119 2888 1186 2950 Non

108 2976 196 3033 utum
226 2977 261 3032 ut
291 2971 386 3042 dens,
420 2976 450 3031 et
478 2988 617 3032 seorsum
646 2989 664 3032 a
694 2988 801 3044 came,
835 2988 935 3047 neque
964 2975 1044 3033 enim
1068 2979 1185 3036 tantum

108 3057 347 3135 iperessentialis
376 3063 455 3118 erat:
492 3075 609 3135 ‚neque
631 3060 766 3120 hnmana
794 3060 981 3136 nt.homo‘;
1015 3077 1076 3120 non
1106 3065 1185 3123 enim

108 3149 194 3207 utum
215 3151 252 3207 ut
275 3160 363 3219 caro,
393 3146 556 3221 separatim
580 3146 748 3219 ndeitate,
781 3149 982 3220 nequeenim
1006 3147 1096 3207 homo
1119 3154 1188 3208 tan·

108 3242 157 3291 tm:
200 3230 276 3308 ,sed
313 3231 388 3292 deus
418 3232 516 3292 lactus
546 3232 638 3294 homo
667 3250 778 3294 novam
808 3233 961 3309 quandam
993 3232 1184 3294 dei-virilem

108 3319 284 3393 perationem
313 3319 470 3379 nobiscnm
507 3320 716 3380 conversando
753 3319 910 3380 exhibuit‘
966 3322 1185 3398 assumptione

108 3403 157 3465 um
186 3406 293 3466 carnis
320 3411 420 3464 mente
445 3407 608 3481 animaque
630 3407 786 3483 praeditae
810 3423 879 3466 vere
900 3407 992 3467 horno
1015 3407 1114 3468 iactus
1138 3414 1185 3467 est
1269 3467 1271 3472 .

108 3482 243 3568 lasnpra
265 3490 387 3552 modum
411 3507 486 3568 erga
507 3492 648 3554 homines
670 3495 837 3572 benignus,
861 3493 1057 3570 divinamque
1076 3510 1185 3570 opera·

108 3571 188 3638 boam
216 3579 329 3639 uniens
357 3577 548 3638 ineffabiliter
576 3578 747 3655 humanae,
782 3596 836 3656 per
857 3582 958 3641 camis
981 3580 1184 3654 molitionem,

108 3674 136 3723 to
161 3665 249 3726 nobis
280 3663 454 3740 adimplevit
476 3664 733 3742 dispensationem
756 3667 970 3749 θεανδρικῶς,
1004 3667 1063 3728 hoc
1086 3672 1185 3728 estet

108 3759 220 3827 uquam
244 3750 322 3810 dens
344 3756 374 3811 et
394 3757 539 3826 tanquam
563 3751 670 3830 homo,
696 3753 858 3828 divinaque
880 3760 910 3815 et
931 3753 1066 3814 hnmana
1089 3753 1185 3814 admi·

108 3830 229 3913 litavit,
260 3837 325 3912 vel,
354 3837 522 3900 uiolariue
545 3838 667 3915 loquar,
700 3840 766 3900 eius
789 3839 893 3916 politia
916 3839 1018 3900 divina
1040 3839 1130 3900 simul
1154 3846 1184 3900 et

108 3934 230 3985 manas
250 3925 443 4001 operationes
461 3924 632 3986 exhibebat.
678 3925 751 3986 Cum
772 3927 862 4003 igitur
880 3926 981 3986 divina
1000 3929 1030 3986 et
1048 3925 1183 3988 hnmana

108 4012 154 4069 tter
180 4028 215 4072 se
245 4010 335 4070 dividi
367 4012 504 4088 negabat
533 4014 656 4089 sapiens
686 4014 846 4090 magister,
867 4012 1010 4089 ·quando
1040 4014 1181 4075 unionem

108 4092 261 4171 demebat,
293 4114 353 4158 non
385 4099 513 4159 nescivit
542 4100 626 4160 nnita
655 4101 747 4159 etiam
778 4101 855 4159 inter
884 4117 918 4160 se
941 4099 1076 4175 differre,
1110 4103 1182 4160 nnio

108 4218 356 4237 Μ..-

108 4296 367 4445 ὲαξλέἑὶἓοᾶςώἔχων
391 4311 432 4362 ed.
452 4311 507 4364 Gal.
579 4313 621 4366 50.
641 4308 843 4409 lppvxoipaetrpc
861 4317 902 4370 ed.
922 4316 977 4371 Gal.
1049 4317 1088 4368 di.
1109 4329 1181 4384 συμ-
