2768 4784
216 187 289 263 2³2

212 372 268 453 τὴν
290 373 392 447 καλάς
413 371 620 454 γενησομένην
642 365 852 454 ἀντιστροφὴν
874 365 907 434 ἓν
926 365 1079 476 πνεύματι
1097 361 1178 471 ἁγίῳ
1196 361 1255 440 656
1272 360 1344 445 τὴη.

211 458 308 545 χάριν
329 461 386 523 τοῦ
408 457 632 564 σαρκωθέντος
653 460 735 521 θεοῦ
756 450 1055 534 καταποθήσεται(
1039 480 1056 532 η
1079 450 1163 538 σάρξ
1145 447 1250 528 ξδπδ
1270 452 1344 537 ᾖ.

213 548 315 654 ψμχής
345 544 377 608 έν
405 540 588 650 πνεύματι,
610 538 626 620 6
656 545 691 607 66
711 541 802 647 ψυχὴ
833 538 895 605 6116
926 544 982 605 τοῦ
1010 544 1110 620 θεοῦ,
1145 541 1199 616 τῆς
1228 533 1250 603 6

215 628 310 709 οόσης
333 628 426 710 ζωῆς,
448 623 553 703 ὦς’
514 625 609 691 αυτόν
630 626 815 736 μονιότατον
838 625 891 692 διά
913 625 1038 691 πάντων
1060 624 1137 690 όλον
1160 622 1220 703 666
1242 626 1336 707 προιιῖ

214 714 408 820 φαινόμενον
440 712 575 820 ἔχουσα,
611 719 665 778 καὶ
701 711 810 789 ἅπλῶς
844 712 961 789 εἰπεῖν,
1003 707 1224 813 ἀντιστρόφως
1258 716 1335 785 m

214 805 373 909 παροῦσι,
402 794 520 883 περὶ“
498 826 518 862 α
543 798 711 908 νόγεσμέν
732 805 840 865 τεκαὶ
863 796 1093 881 διεξαγόμεθα,
1124 795 1229 861 πάντα
1247 790 1334 861 κοῦ

215 885 250 953 τό
278 889 395 997 μέλλον
424 887 519 961 δείξει
548 882 585 948 τά
606 883 748 994 ὴμετέρα
777 881 793 964 6
822 882 1006 968 θεοπρεπὴς
1039 886 1091 962 τής
1123 877 1336 957 dvaczdam

213 972 343 1084 χάρις,
353 972 408 1037 ἵνα
437 971 539 1053 όίςπερ
563 968 671 1034 διδ
639 998 692 1051 την
713 968 869 1078 ἁμαρτίαν
892 970 1031 1036 ἐνταῦθα
1053 972 1198 1034 κατέπιεν
1221 962 1240 1032 6
1262 964 1337 1037 666¹

216 1085 309 1135 νατος
332 1056 483 1163 ίσχόσας,
516 1055 598 1121 οδιω
621 1063 882 1137 καταποθήσεται
905 1061 1036 1131 δικαίως
1058 1053 1241 1134 ἀσθενήσας
1262 1052 1338 1151 διελς

216 1143 269 1213 διά
292 1143 344 1223 τὴν
365 1142 470 1250 χάριν.
527 1146 634 1208 Ταῦτα
656 1149 714 1228 μέν
736 1144 765 1209 εἰ
787 1147 906 1224 καλως,
936 1138 978 1218 ὥς
998 1142 1138 1225 είρηται,
1168 1138 1338 1245 χρήσαντος]

217 1243 285 1308 ταῖς
313 1228 406 1308 αάτής
432 1228 601 1335 δυνάμεσι,
631 1235 684 1295 και
715 1231 793 1295 κατά
824 1228 880 1294 τόν
908 1229 1033 1294 σκόπον
1060 1231 1117 1292 τοῦ
1145 1230 1243 1303 θεοῦ,
1270 1221 1339 1329 1663

217 1314 375 1397 αἰσθητόν
397 1313 522 1397 κόσμον
544 1312 597 1380 διά
618 1319 678 1381 τῶν
700 1314 733 1382 έν
750 1312 835 1426 6616
851 1319 1068 1398 πνευματικῶν
1085 1308 1221 1395 λόγωνὴ
1241 1304 1340 1397 6626]-

217 1407 327 1490 σοφάς
349 1399 543 1506 διοδεύσασα
566 1400 648 1506 πρὸς
670 1400 750 1467 θεόν
771 1401 851 1489 ἔλθη
872 1399 964 1485 μετὰ.
975 1403 1142 1476 συνέσεως,
1167 1423 1196 1463 ει
1187 1399 1251 1462 ’δέ
1269 1420 1342 1463 κει-ι·

217 1494 279 1565 κῶς
299 1486 472 1592 χρήσαιτο,
505 1483 591 1596 παρὰ
615 1487 671 1552 τόν
694 1492 805 1553 δέοντα
815 1470 924 1598 λόγον
946 1485 1001 1552 τόν
1022 1484 1168 1571 παρόντα
1190 1481 1343 1568 διαθρήσ.

217 1600 303 1643 σασα
325 1573 465 1656 κόσμον,
489 1569 546 1637 οάκ
569 1572 686 1652 ἀδηλόν
708 1598 775 1650 πως
796 1574 845 1649 είς
862 1569 992 1652 πάθη’
972 1579 1101 1681 ατιμίας
1120 1570 1344 1649 {artemonem

217 1688 270 1727 και
299 1664 352 1738 τής
381 1663 475 1734 θείας
503 1657 595 1737 δόξης
620 1658 750 1769 εἰκότως
778 1658 858 1725 κατά
883 1658 919 1724 τὸ
941 1663 1058 1763 μέλλον
1081 1655 1343 1741 ἀντοριφήσεταιςνΙ

219 1743 404 1853 φοβεράν’
391 1741 439 1808 επ’
467 1743 598 1810 αίῶσιν
593 1741 758 1854 ἀπείροις
787 1749 944 1855 λαβοῦσα
959 1743 1146 1829 κατάκρισιν
1170 1743 1226 1822 τὴν
1247 1738 1337 1847 πρός

218 1830 274 1898 τόν
301 1827 381 1896 θεόν
409 1828 555 1940 σχετικὴν
583 1828 812 1940 ἀλλοτρίωσιν,
846 1823 944 1916 ἐφΗ
925 1860 941 1922 η
972 1834 1144 1939 τρεχομένη
1174 1826 1232 1894 οάκ
1262 1826 1368 1923 έχεια

218 1922 320 2022 λέγειν
348 1913 390 1993 ὡς
419 1913 457 1982 06
480 1919 625 1996 δικαίως,
659 1916 712 1997 τὴν
741 1915 967 1997 δποστήσασαν
995 1915 1032 1982 τό
1053 1914 1096 2001 μὴ
1120 1913 1158 1981 ἀν
1179 1906 1368 2005 διάθεσιτ-·’ἰ

218 2003 394 2112 κατήγορον
416 1999 596 2111 έχονσα,“
577 2031 613 2083 ην
635 2001 789 2088 ἀγνοῆσαι
813 2001 964 2069 οάδέποτε
987 2002 1127 2068 δόναται.
1166 1997 1253 2067 ’Am’
1276 1982 1368 2067 666:

220 2089 255 2156 τό
286 2094 497 2199 προκείμενον
526 2086 600 2174 ἧμιν
629 2089 822 2156 ἐπανακτέον
851 2088 906 2156 τόν
935 2087 1041 2198 λόχον.
1092 2084 1205 2152 Είπυλν
1226 2078 1349 2199 γάρδεεΙ

57 2204 125 2243 τινα
135 2172 455 2261 αμκεεάαγγελιστὴς,
475 2172 566 2241 ’Ἐστι
597 2180 632 2240 δὲ
659 2183 712 2242 καὶ
742 2174 824 2241 ἀλλα
846 2175 995 2242 πολλά“
975 2200 1038 2241 οσα
1061 2175 1211 2253 ἐποίησεν
1233 2170 1251 2238 6
1269 2171 1368 2280 Ἰχ-.-

220 2267 313 2341 σοός,
347 2263 438 2326 δίτονα
468 2259 524 2326 έάν
551 2262 730 2368 γράφεται
736 2260 846 2329 καθ’Ι
841 2263 889 2343 έν,
924 2259 999 2327 οίδέ
1026 2257 1122 2326 αὐτόν
1153 2253 1310 2371 οἶμαι
1276 2282 1368 2333 τοττΙ

219 2346 342 2455 κόσμον
372 2352 517 2456 χωρήσαι
550 2345 587 2412 τά
617 2347 808 2458 γραφόμενα
834 2354 963 2459 βιβλία,
999 2347 1156 2450 ἐνέφηνεν
1173 2355 1249 2431 ημῖν
1277 2341 1352 2410 διά·

220 2434 356 2515 τούτων,
388 2434 438 2499 ότι
460 2431 497 2497 τά
520 2438 680 2545 γραφέντα
703 2434 806 2544 πρός
806 2461 902 2500 αυτον
912 2431 1202 2541 προομαλισμός
1192 2438 1242 2508 τίς
1263 2430 1328 2499 ἐστι

57 2546 105 2587 ονε.
121 2540 210 2587 rm.
220 2525 277 2588 τοῦ
299 2524 485 2630 τελεωτέραν
507 2528 561 2585 καὶ
579 2526 653 2597 τέως
672 2518 717 2602 6³
697 2519 877 2631 αχωρήτον
880 2519 990 2605 λόγου.
1033 2522 1124 2584 Κατα
1143 2516 1257 2598 ταότην
1274 2508 1352 2587 οἶαι

220 2606 274 2687 τὴν
302 2606 427 2671 ἔννοιαν
456 2603 556 2670 είπυίν
585 2633 631 2683 τις
652 2606 707 2673 τόν
714 2607 822 2715 ἅγιον
844 2605 1063 2690 εάαγγελιστὴν
1081 2603 1224 2684 Ἰωάννην
1247 2601 1328 2706 πρό·

220 2693 402 2777 δρομον,’
387 2717 420 2756 εν
449 2683 475 2778 ᾦ
505 2695 670 2768 συνέταξεν
691 2689 862 2781 εὐαγγελίῳ
884 2695 1159 2796 προοδοποιοῦντι
1181 2687 1236 2769 τὴν
1259 2686 1328 2754 διά-

220 2804 311 2843 νοιαν
320 2775 437 2884 πρὸς
449 2755 637 2862 παραδοχὴν
665 2783 721 2843 τοῦ
744 2783 931 2890 τελεωτέραν
954 2777 1070 2884 λόγου,
1104 2781 1156 2856 τῆς
1177 2773 1330 2854 ἀληθείας

220 2860 279 2973 οάχ
312 2860 559 2971 ἀμαρτήσεται.
606 2863 709 2944 Ταότη
745 2892 795 2930 τοι
828 2872 881 2931 καὶ
916 2863 1054 2948 μεγάλην
1089 2867 1141 2942 τῆς
1177 2859 1331 2941 ἀληθείας

219 2947 381 3014 ἀποκαλεῖ
408 2948 513 3033 φωνὴν
542 2946 559 3014 6
592 2949 783 3028 διδάσκαλος
810 2948 847 3015 τά
879 2951 1071 3033 πνευματικοὶ
1091 2947 1328 3058 βροντήσαντα.

186 3048 189 3055 ’
219 3033 346 3119 Βροντὴ
377 3034 453 3099 δέ
439 3059 506 3100 εστι
539 3037 625 3144 φωνὴ
647 3034 748 3120 μόνον
778 3036 971 3147 κατάπληξιν
993 3047 1060 3111 τοῖς
1082 3032 1257 3100 ἀκούουσιν
1278 3033 1331 3116 έμ·

220 3125 379 3202 ποιοῦσα,
400 3126 496 3204 μηδὲν
517 3126 626 3204 μέντοι
650 3128 827 3207 τρανοῦσα,
858 3117 988 3234 οἶοςπέρ
1012 3121 1099 3188 ἐστιν
1122 3118 1139 3187 6
1163 3118 1331 3229 στοιχειό·

221 3213 275 3287 δης
292 3207 394 3292 λόγος.
440 3213 512 3283 Πάς
531 3206 594 3318 γάρ
611 3208 707 3293 λόγος
729 3208 852 3275 θεόθεν
874 3220 942 3285 τοῖς
963 3207 1202 3320 ἀνθρώποις
1173 3207 1252 3272 κατὰ
1276 3202 1333 3270 τόν

221 3295 322 3359 αίάνα
344 3298 457 3359 τοῦτον
479 3301 612 3402 γραφεὶς
634 3294 857 3382 πρόδρομός
844 3319 911 3362 εστι
931 3321 987 3359 του
1006 3299 1037 3359 δι
1066 3320 1163 3359 αυτου
1182 3291 1333 3379 ἀγράφως

222 3381 254 3445 έν
283 3379 436 3464 πνεύματι
467 3378 545 3446 κατὰ
576 3384 651 3445 ναόν
679 3386 876 3491 μηνυομένου
902 3387 956 3446 καὶ
980 3381 1011 3456 ές
1032 3381 1165 3465 ὕστερον
1189 3402 1332 3485 φανησο-

219 3469 336 3551 μένου
350 3471 549 3577 τελεωτέραν
571 3465 684 3577 λόγου,
723 3464 764 3544 ὡς
797 3465 951 3547 ἀλήθειαν
980 3471 1039 3551 μὲν
1067 3467 1146 3549 έχων
1172 3465 1204 3530 έν
1234 3464 1333 3572 ἑαυτῷ

220 3556 431 3662 μηνυομένην,
455 3551 493 3617 06
509 3550 571 3634 μὴν
590 3550 682 3617 66
643 3553 739 3634 αυτὴν
760 3550 1056 3665 8εάπερικαλόπτως
1073 3551 1190 3637 γυμνὴν
1213 3548 1334 3625 δεικνδς

222 3637 275 3717 τὴν
306 3635 470 3717 ἀλήθειαν
532 3638 622 3704 Οδίτω
650 3644 708 3749 μέν
739 3631 811 3719 οάν,
845 3638 887 3717 ὡς
917 3633 1027 3751 οἶμαι,
1057 3644 1109 3719 τὴς
1137 3644 1232 3713 θείας
1260 3637 1335 3715 ὅλης

222 3732 344 3810 γραφῆς
372 3722 389 3788 6
419 3729 490 3801 νοῦς
518 3721 652 3835 εάσεβάς
675 3723 906 3811 όμαλιζόμενος
929 3723 1021 3791 οάδὲν
1043 3721 1228 3810 δυςχερές”
1209 3752 1226 3803 η
1251 3717 1334 3789 ἀνω·

220 3816 323 3893 μαλον
352 3809 404 3874 διὰ
434 3815 495 3874 τῶν
524 3810 598 3875 καθ’
630 3813 777 3922 ἱστορίαν
811 3817 974 3878 δοκουσῶν
1012 3812 1223 3877 ἐναντιώσεων
1240 3811 1335 3919 ,έχων

222 3894 436 3980 δειχθήσεται.
492 3900 563 3972 Πᾶς
584 3898 644 3984 γάρ
668 3903 728 3963 τῶν
751 3895 947 3964 ἀνέκαθενί
929 3904 1028 4008 αγίων
1049 3896 1127 3963 κατά
1152 3895 1208 3961 τόν
1229 3892 1335 3975 ἀληθή

222 3981 319 4063 λόγον
349 3986 405 4047 τοῦ
434 3978 474 4046 δι’
502 3979 600 4047 αάτοῦ
592 3988 824 4095 μηνουμένου
852 4010 884 4050 τε
914 3991 967 4050 καὶ
989 3985 1253 4068 προτυπουμένου
1274 4008 1335 4065 μυ-

224 4072 354 4171 στηρίου
377 4061 607 4176 πρόδρομος
588 4097 641 4151 ην,
670 4064 759 4181 δεῖτ
733 4097 776 4136 ων
799 4070 921 4156 ἔπασχέ
941 4097 973 4136 τε
996 4077 1049 4135 καὶ
1073 4070 1164 4179 ἔδρα
1171 4074 1226 4135 καὶ
1249 4068 1335 4150 ἔλεγε

170 4217 178 4231 ,
224 4150 261 4215 τά
291 4152 409 4218 τούτων
437 4155 661 4241 προκηρύττων
690 4154 860 4244 ἀρχέτυπα.
923 4153 985 4221 Διό
1015 4163 1069 4223 καὶ
1098 4152 1164 4221 ἀντ’
1194 4151 1337 4233 ἀλλήλων

224 4235 392 4320 ἀμέμπτως
420 4243 764 4352 παραλαμβάνονται,
776 4250 829 4308 καὶ
856 4241 982 4308 πάντων
1004 4243 1156 4323 ἅπαντες,
1184 4246 1238 4307 καὶ
1262 4240 1336 4306 λκα-

223 4348 299 4399 στος
322 4322 471 4403 ἑκάστου,
497 4335 550 4393 καὶ
574 4325 643 4394 ἀντὶ
666 4333 727 4395 τῶν
749 4325 800 4392 δπ
823 4326 926 4394 αάτάν
948 4332 1192 4416 σνγγραφεισάν
1206 4332 1336 4411 βίβλων,
