2752 4778
1149 233 1228 308 »att

123 423 257 484 dationis
288 424 422 484 laturum
449 424 560 484 aevum
589 422 742 500 designat.
794 422 868 483 Tres
883 479 885 481 ,
899 420 979 482 enim
1001 421 1058 480 loci
1079 427 1110 485 et
1132 428 1230 484 status

123 518 197 571 sunt
220 510 250 568 iu
272 510 382 583 quibus
406 525 563 570 versamur
584 508 740 582 homines,
764 507 794 567 id
814 513 862 568 est
877 507 928 568 hic
946 507 1097 577 mundus,
1119 509 1149 566 in
1171 524 1231 582 quo

122 597 288 658 existentia
309 596 452 671 impertiti
474 611 672 673 generamur,
703 600 733 654 et
748 593 800 654 ille
823 595 910 654 locus
933 610 993 669 quo
1015 598 1231 669 postmortem

120 683 282 759 pergimus
305 684 471 756 abeuntes,
496 687 526 741 et
547 681 680 742 futurum
704 696 830 754 aevum,
852 682 882 739 in
907 695 965 754 quo
983 697 1053 740 cum
1073 682 1231 741 animabus

120 775 218 844 atque
247 770 424 845 corporibus
454 783 636 829 coercemur.
693 766 844 840 Quamdiu
872 767 963 844 igitur
984 767 1014 825 in
1038 765 1097 828 hnc
1119 765 1233 827 mundo

121 870 300 926 versamur,
337 856 367 915 in
398 858 537 930 Aegypto
567 855 686 932 agimus
717 851 853 929 pascha,
891 853 929 912 de
958 854 1091 928 peccati·
1105 853 1232 912 maculis

120 941 197 1001 dum
227 956 411 1017 purgamur;
446 957 550 1000 verum
580 938 703 1014 quando
732 945 829 1000 morte
850 937 931 998 hanc
955 941 1046 998 vitam
1069 940 1231 1013 finivimus,

120 1034 272 1102 tanquam
294 1027 325 1084 in
348 1026 470 1086 deserto
493 1043 599 1086 rursus
622 1027 742 1102 agimus
767 1025 893 1086 alterum
916 1024 1051 1101 pascha,
1080 1025 1152 1086 dum
1171 1024 1234 1085 cla-

120 1115 188 1172 rius
224 1127 329 1172 eorum
367 1127 446 1186 quae
474 1119 547 1173 sunt
574 1113 723 1185 rationes,
759 1112 906 1188 symbolis
936 1115 966 1170 et
993 1111 1175 1189 aenigmatis
1205 1116 1234 1172 et

120 1199 261 1265 sensuali
287 1199 434 1259 varietate
464 1205 572 1258 exutas
601 1197 853 1258 intellectualiter,
874 1203 904 1257 ct
932 1199 1065 1272 corporis
1092 1202 1234 1273 expertes

120 1285 307 1358 ediscimus,
336 1288 366 1343 et
387 1300 496 1344 rursus
515 1287 544 1344 in
564 1284 665 1344 futuro
685 1285 854 1344 divinarum
874 1284 1139 1344 annuntiationum
1157 1298 1234 1342 aevo

120 1370 243 1448 pascha
260 1369 467 1444 celebramus,
491 1371 562 1430 dum
581 1376 747 1430 extremam
772 1370 891 1430 edimus
914 1370 1086 1429 immediate
1110 1371 1232 1445 sapien-

120 1461 183 1517 tiae
214 1473 402 1528 sermonem,
433 1457 472 1516 ad
504 1473 592 1531 quem
623 1459 795 1534 regenerati
817 1473 871 1532 per
893 1458 1022 1532 gratiam
1046 1455 1235 1528 deificamur3

120 1561 183 1606 nec
205 1542 300 1602 ullum
320 1543 359 1603 ad
378 1541 508 1603 altarum
526 1543 642 1619 pascha
660 1545 822 1602 transitum
841 1543 935 1603 alium
955 1542 1123 1616 habentes,
1146 1557 1236 1618 prae·

120 1639 171 1691 tar
201 1630 282 1704 quod
312 1631 400 1690 nobis
432 1631 522 1690 etiarn
551 1631 580 1686 in
612 1629 671 1689 hac
701 1630 763 1688 vita
791 1628 830 1689 ad
858 1630 1100 1703 uniuscuiusque
1124 1635 1235 1690 statum

120 1720 278 1784 iocorum,
314 1730 392 1789 quae
425 1714 503 1790 dixi,
540 1717 709 1790 proprietas
739 1733 792 1791 per
820 1717 984 1792 imaginem
1014 1716 1236 1791 repraesentari

120 1807 235 1881 potest
281 1800 357 1861 Nam
378 1800 621 1875 uniuscuiusque
643 1809 782 1861 nostrum
805 1803 865 1863 vita
883 1803 949 1862 eius
969 1803 998 1860 in
1020 1816 1081 1877 quo
1098 1805 1237 1862 versatur

120 1890 183 1951 toci
206 1889 295 1962 quasi
311 1879 482 1964 ¹imaginem
505 1890 639 1962 praebet.
686 1887 791 1957 Velut,
815 1889 840 1946 si
859 1889 1039 1963 practicam,
1064 1903 1144 1962 quae
1162 1886 1236 1946 dici-

120 1984 190 2050 tur,
215 1972 439 2049 philosophiam
458 1973 572 2032 fortiter
589 1979 772 2048 tractamus,
797 1974 827 2033 in
847 1976 988 2050 Aegypto
1006 1973 1125 2048 pascha
1141 1975 1236 2048 probe

120 2062 264 2129 obimus,
293 2061 371 2120 inter
388 2061 553 2136 Aegyptios
578 2060 697 2133 quidem
722 2063 900 2133 versantes,
928 2075 984 2119 uec
1007 2064 1110 2119 tamen
1134 2061 1235 2136 Aegy·

120 2147 179 2224 ptii
201 2146 276 2220 ipsi,
298 2151 333 2206 ut
354 2147 385 2204 in
408 2162 500 2205 carue
524 2146 645 2220 quidem
670 2151 845 2216 versantes,
870 2160 927 2204 nec
949 2151 1052 2205 tamen
1074 2144 1237 2205 carnaliter

121 2231 301 2295 militantes.
355 2229 386 2289 Si
408 2249 480 2291 vero
503 2231 672 2292 naturalem
696 2234 726 2291 in
749 2233 856 2309 spiritu
878 2231 1163 2307 contemplationem
1187 2232 1236 2306 pie

120 2334 325 2390 exercemus,
360 2333 445 2377 arma
468 2318 526 2378 deo
549 2318 640 2378 fortia
658 2319 821 2379 reddentes
844 2319 966 2379 animae
987 2317 1165 2390 facultates,
1197 2317 1236 2378 ad
1309 2316 1310 2319 ’

121 2402 335 2482 expugnanda
364 2405 517 2479 praesidia
546 2421 728 2480 omnemque
759 2405 962 2465 summitatem
986 2409 1092 2464 contra
1113 2404 1162 2464 dei
1184 2418 1236 2463 co-

120 2491 295 2571 gnitionem
330 2495 480 2561 erectam,
518 2495 548 2550 et
581 2492 620 2551 ad
649 2490 900 2568 contemplandas
930 2491 1103 2566 spirituales
1130 2493 1162 2550 iu
1190 2491 1235 2550 eis

122 2593 209 2654 quae
237 2577 373 2637 existunt
400 2578 550 2652 rationes,
586 2577 678 2638 veluti
699 2594 826 2654 corpore
848 2577 921 2638 nudi
942 2593 981 2637 ac
1001 2577 1139 2639 sensuali
1160 2578 1236 2637 ima·

122 2664 294 2743 ginationis
328 2662 434 2723 iraude
467 2663 568 2732 liberi,
604 2664 641 2724 ad
673 2665 792 2725 divinas
822 2664 1068 2725 annuntiationes
1098 2664 1236 2742 gnostica

121 2755 185 2811 iter
207 2749 371 2822 iacientes,
401 2756 464 2808 tum
488 2751 518 2808 in
542 2749 663 2811 deserto
687 2766 812 2824 sumus,
841 2753 870 2809 in
898 2756 997 2822 statu,
1025 2752 1165 2828 inquam,
1198 2752 1235 2811 ab

122 2833 286 2898 affectibus
316 2842 345 2893 ct
372 2837 454 2896 omni
478 2837 625 2897 materiali
650 2839 782 2899 vanitate
806 2854 890 2913 puro.
942 2835 973 2896 Si
997 2837 1127 2914 denique
1150 2837 1235 2897 theo-

123 2923 259 2999 logicam
290 2922 486 2981 initiationem
511 2921 711 2983 ineilabilibus
736 2926 845 2984 mentis
869 2925 1051 2984 motionibus
1072 2926 1235 2993 imitamur,

123 3023 282 3084 quaenam
309 3008 348 3066 sit
369 3006 497 3067 latitudo
520 3013 550 3068 et
571 3009 730 3085 longitudo
753 3017 784 3070 et
805 3010 931 3070 altitudo
954 3015 984 3070 et
1005 3011 1183 3071 redundans
1205 3012 1235 3069 in

124 3111 187 3155 nos
217 3092 394 3170 magnitudo
417 3092 583 3169 sapientiae
607 3095 671 3165 dei,
701 3096 800 3170 quoad
823 3096 944 3173 possint
964 3096 1119 3172 homines,
1153 3098 1235 3157 haud
1264 3158 1268 3164 ,

123 3184 323 3259 ignorantes,
353 3180 382 3237 in
413 3185 494 3240 terra
522 3196 630 3239 sumus
660 3182 908 3242 annuntiationis.
959 3181 1124 3244 Practicam
1147 3185 1238 3261 igitur

124 3273 160 3329 et
187 3264 357 3326 naturalem
387 3272 418 3325 et
448 3265 650 3343 theologicam
681 3267 906 3344 philosophiam
936 3285 990 3343 per
1018 3271 1108 3332 trium
1130 3285 1237 3346 perso-

124 3369 238 3416 narum
262 3350 461 3412 differentiam
484 3368 502 3409 a
524 3354 670 3430 magistro
693 3355 857 3437 significari
878 3355 951 3414 mihi
970 3355 1102 3428 videtur,
1127 3358 1236 3431 quibus

124 3439 347 3502 convenienter
372 3455 428 3514 pro
458 3455 514 3498 sua
546 3440 675 3516 quisque
702 3441 846 3503 facultate
872 3442 1108 3504 intellectualem
1137 3459 1237 3504 come·

124 3527 182 3588 dai
204 3524 331 3602 pascha.
1284 3541 1287 3548 ·

123 3743 189 3817 Ex
217 3742 346 3816 eodem
373 3764 557 3830 sannone,
593 3743 632 3814 in
658 3741 775 3830 illud,
810 3738 867 3830 ,Si
890 3740 1028 3814 Rachel
1057 3741 1236 3840 quaedam

182 3870 236 3936 es,
264 3853 327 3918 aut
352 3840 436 3935 Lia,
463 3844 534 3916 hoc
555 3855 608 3917 est
634 3844 874 3941 patriarchica
894 3854 930 3918 et
950 3869 1082 3943 magna
1104 3845 1235 3940 anima,

181 3947 295 4047 patris
310 3970 455 4045 quoque
468 3946 523 4019 tui
538 3944 655 4036 idola,
683 3971 922 4045 quaecunque
935 3946 1135 4040 inveneris,
1159 3971 1235 4021 sur·

183 4050 278 4150 ripe,
309 4073 383 4123 non
408 4057 451 4120 ut
476 4072 616 4138 serves,
650 4049 714 4122 sed
740 4060 783 4122 ut
809 4050 947 4123 deleas:
982 4052 1013 4123 si
1039 4060 1164 4123 autem
1183 4075 1236 4125 aa·

180 4155 285 4253 piens
301 4150 483 4248 Israelita,
509 4151 554 4225 ad
578 4163 713 4224 terram
736 4154 989 4250 promissionis
1008 4154 1187 4227 transien‘

226 4305 352 4370 'Rachel
375 4304 512 4378 quidem,
541 4310 574 4364 ut
597 4302 735 4378 tradunt,
758 4319 839 4382 agna
862 4305 910 4363 vel
932 4319 1063 4379 pascens
1087 4320 1160 4364 oves
1183 4321 1236 4363 ex·
1342 4283 1344 4288 ⁵

121 4395 274 4475 'phocium
301 4390 385 4451 tiam
416 4404 496 4449 vero·
511 4390 669 4468 fatigatam
692 4390 740 4450 vel
762 4388 1235 4535 fatigationemaeinierpretautur.
