2752 4778
1142 225 1213 297 381

157 413 358 511 prophetae
390 408 680 500 conversionem,
717 436 788 508 qua
817 406 1064 508 Sarephtanae
1085 412 1218 486 viduae

157 516 238 588 filio
262 515 339 588 vita
361 514 538 612 inspirata
564 522 635 602 est,
663 514 900 610 eiusdemque
923 539 1076 588 numero
1094 538 1218 612 parem

157 642 270 716 super
292 616 433 689 assulas
459 614 739 714 prolationem}

217 751 332 813 Beatus
363 767 460 812 senex
489 751 538 810 ille
567 767 584 809 a
612 767 660 810 me
683 750 722 810 de
744 749 803 809 hoc
825 751 1032 828 iuterrogatus
1056 751 1220 826 respondit,

108 838 166 899 iroc
189 840 257 901 loco
279 838 374 897 videri
396 838 525 897 fortasse
547 852 640 912 posse
664 837 746 912 quod
768 835 872 896 doctor
895 837 932 897 de
955 839 1129 912 septenario
1151 853 1220 912 per-

108 932 235 986 secutus
265 941 391 985 numero
414 924 756 984 coniecturamiecerii.
812 922 941 984 Primum
966 923 1085 998 quidem
1109 939 1219 982 secun·

108 1011 183 1074 dum
211 1006 420 1072 arithmeticae
450 1011 523 1070 artis
552 1011 675 1084 peritos.
728 1008 770 1067 llli
799 1010 879 1069 enim
903 1009 1053 1085 quosdam
1075 1025 1219 1068 numeros

108 1115 147 1158 ex
179 1098 340 1174 duplicatis
369 1103 400 1156 ei
421 1097 576 1172 triplicatis
601 1096 685 1169 aliis,
716 1096 832 1155 unitate
855 1097 886 1153 in
909 1103 1047 1156 extremo
1071 1094 1219 1171 superad-

108 1184 187 1259 dita,
223 1188 365 1245 constare
398 1183 518 1242 docent.
586 1179 635 1241 Sic
665 1199 704 1242 ex
731 1182 894 1256 duplicatis
925 1187 1045 1243 constat
1075 1197 1218 1243 numerus

108 1269 215 1343 LlllV,
246 1271 363 1329 unitate
386 1270 525 1329 videlicet
547 1267 701 1343 duplicata
724 1285 794 1328 cum
817 1284 872 1327 sax
897 1270 1032 1328 numeris
1055 1275 1085 1328 et
1106 1269 1220 1328 unitate

108 1357 137 1416 ln
160 1363 297 1419 extremo
320 1355 455 1430 adiecta,
480 1371 541 1428 qua
561 1357 680 1415 ratione
703 1355 895 1431 septenarius
919 1355 1089 1430 cornpletur
1112 1369 1220 1414 nume·

108 1459 176 1517 rus;
207 1459 277 1502 uam
301 1442 312 1500 l
335 1443 381 1502 bis
405 1447 546 1517 sumptus
570 1442 661 1501 allicit
683 1439 717 1511 ll,
741 1440 766 1498 ll
788 1442 834 1499 bis
856 1439 905 1510 lV,
929 1441 966 1499 lV
991 1443 1035 1501 bis
1056 1439 1132 1510 Vlll,
1155 1437 1220 1497 Vlll

108 1529 153 1589 bis
178 1527 262 1598 xvi,
286 1526 352 1586 XVI
374 1529 420 1587 bis
446 1525 568 1602 xxxii,
593 1526 702 1585 XXXll
725 1528 771 1587 bis
793 1525 894 1584 ltXlV.
952 1526 986 1585 Hi
1011 1529 1052 1587 iia
1076 1526 1219 1602 duplicati

108 1631 161 1689 per
187 1609 246 1674 'sex
276 1630 419 1675 numeros
451 1614 589 1673 videntur
618 1614 794 1689 compositi,
830 1611 883 1673 sed
905 1615 1008 1674 unitus
1032 1616 1061 1672 in
1084 1619 1220 1672 extremo

108 1701 289 1776 adsumpta,
326 1717 364 1761 ex
394 1717 454 1776 qua
482 1700 657 1776 duplicandi
686 1701 802 1759 initium
833 1700 944 1759 lactum
974 1706 1053 1774 erat,
1089 1698 1220 1773 complet

108 1788 324 1863 septenarium.
383 1786 449 1846 Pari
478 1787 569 1863 igitur
596 1787 646 1846 liic
675 1801 794 1861 quoque
818 1785 907 1846 ruodo
931 1787 1060 1847 eandem
1084 1801 1219 1846 normam

108 1875 208 1934 secuti
231 1874 436 1948 septenarium
461 1873 656 1932 absolvemus
686 1888 856 1933 numerum.
912 1871 1107 1946 ,Effundile‘‚
1139 1873 1219 1930 euim

111 1961 218 2036 nquit,
252 1959 419 2035 ,duplicate
442 1963 471 2019 at
490 1959 660 2034 triplicate‘
705 1958 810 2033 ltaque
829 1959 944 2018 unitate
963 1959 1117 2032 duplicata
1135 1958 1166 2016 lit
1185 1956 1232 2027 li,

108 2045 257 2122 riplicata
285 2044 308 2103 ll
338 2045 371 2104 iit
393 2044 447 2114 Vl,
482 2050 511 2104 et
539 2046 636 2120 prima
664 2046 766 2104 unitas
796 2043 900 2104 addita
932 2045 1061 2103 senariis
1085 2044 1220 2102 numeris

108 2131 240 2195 tbsolvit
263 2133 467 2207 septenarium
491 2147 661 2192 numerum.
713 2128 849 2190 Tradunt
870 2144 943 2190 vero
966 2132 1055 2191 etiam
1080 2130 1221 2204 spiritua·

109 2235 167 2282 em
188 2217 340 2292 quandam
360 2218 528 2278 secundum
551 2219 707 2293 mysticam
727 2215 1013 2290 contemplationem
1032 2215 1219 2274 intercedere

108 2305 323 2382 mgnatio'ucm
359 2306 437 2363 inter
473 2305 638 2364 ternarium
673 2319 708 2363 ac
736 2303 942 2380 septenarium
973 2318 1130 2362 numerum
1160 2300 1218 2359 hoc

108 2395 171 2454 era
201 2390 306 2465 modo,
339 2389 418 2464 quod
449 2406 568 2450 summe
590 2390 766 2451 veneranda
790 2394 820 2449 et
842 2387 1002 2449 adoranda
1024 2389 1141 2448 trinitas
1165 2404 1219 2462 per

108 2477 275 2540 ernanum
305 2491 482 2548 numerum,
518 2482 547 2536 et
575 2478 683 2538 iterum
713 2492 765 2552 par
796 2477 998 2551 septenarium
1026 2474 1219 2550 significetur,

108 2583 141 2625 ro
175 2563 257 2637 quod
285 2564 478 2638 septenarius
505 2578 651 2622 nurnerus
674 2563 759 2639 virgo
782 2563 830 2623 sit.
875 2559 1012 2620 Omnium
1037 2561 1117 2620 enirn
1140 2563 1218 2619 intra

108 2648 253 2711 tecadem
283 2663 479 2709 numerorum
509 2649 535 2708 is
560 2649 644 2709 solus
668 2664 730 2709 non
752 2654 892 2725 generat,
922 2662 1021 2721 neque
1045 2653 1216 2723 generatur.

108 2735 193 2811 >uod
218 2735 299 2795 clare
322 2734 512 2796 demonstrat
534 2740 725 2810 pertractans
747 2736 777 2794 in
801 2734 876 2794 libro
900 2735 1032 2794 carmine
1050 2734 1161 2808 scripto
1181 2732 1218 2790 de

108 2821 300 2897 lirgiuitate,
329 2823 380 2881 ulti
406 2820 504 2906 dicit,
524 2820 638 2892 ‚Prima
662 2823 746 2898 virgo
770 2826 817 2880 est
840 2825 947 2880 saneta
971 2821 1110 2879 minitant
1202 2827 1204 2832 '

108 3009 193 3081 alia
214 3009 252 3082 in
277 3007 376 3081 idern
399 3009 669 3104 contemplatio.

213 3136 265 3198 Vel
296 3138 387 3199 etiarn
416 3139 446 3196 iu
477 3139 559 3197 hune
582 3140 714 3201 modum.
766 3141 839 3201 Cum
865 3145 972 3198 sancta
995 3139 1127 3198 trinitate
1152 3158 1216 3214 ury-

108 3226 183 3285 tticc
207 3225 272 3284 eius
296 3225 384 3283 simul
408 3225 529 3284 intuens
554 3227 655 3286 auimo
674 3227 830 3298 virtutem,
861 3226 974 3284 bonum
992 3225 1116 3299 inquam
1135 3223 1215 3298 quod

108 3309 266 3390 generales
290 3316 431 3385 quattuor
455 3313 581 3371 virtutes
605 3316 830 3389 repraesentat,
856 3311 1061 3386 septenarium
1085 3310 1217 3386 comple·

108 3398 150 3458 tis
174 3412 344 3457 numerum.
396 3397 469 3457 Cum
491 3404 601 3458 sancta
625 3401 737 3459 etenim
760 3403 790 3458 ei
810 3396 1054 3458 correelebranda
1076 3395 1216 3456 laudibus

109 3482 238 3543 riuitate
267 3483 338 3543 dum
370 3484 496 3560 mystice
519 3485 608 3544 simul
631 3487 783 3546 intuemur
806 3486 945 3544 virtutem
969 3484 1079 3558 ipsius,
1115 3488 1216 3557 septe-

108 3569 225 3630 rarium
249 3569 393 3648 virginem
418 3585 576 3631 numerum
600 3587 859 3634 consummamus.
954 3582 957 3587 ·

108 3736 162 3814 Ex
186 3739 315 3812 eodem
339 3735 525 3832 sermone,
555 3741 592 3814 in
619 3741 735 3833 illud,
771 3740 891 3832 ,Iesus
916 3764 1003 3814 vero
1030 3741 1126 3839 ipse,
1152 3739 1217 3837 qui

154 3865 249 3940 pura
264 3843 439 3940 perfectio
456 3856 519 3934 est,
548 3844 711 3942 quinque
727 3843 884 3942 panibus
899 3845 938 3918 in
953 3845 1096 3918 deserto
1112 3841 1215 3941 quin·

154 3970 228 4045 que
244 3943 439 4019 hominum
453 3947 559 4019 milia
578 3948 719 4019 nutrire
735 3950 855 4037 novit,
877 3973 919 4020 ac
934 3971 1061 4021 rursus
1077 3957 1217 4046 septem

153 4048 313 4146 panibus
346 4060 520 4147 quattuor
545 4049 661 4120 milia.
747 4049 868 4148 Atque
901 4051 1102 4123 saturitatis
1132 4049 1216 4123 reli·

154 4151 263 4250 quiae
290 4151 372 4225 illic
401 4152 550 4250 quidem
582 4151 777 4225 duodecim
807 4153 974 4250 cophini,
1008 4152 1069 4225 hie
1095 4163 1218 4227 autem

153 4264 295 4352 septem
325 4265 478 4352 sportae.
541 4251 742 4346 Neutrum,
779 4256 925 4353 opinor,
961 4264 1117 4346 temere,
1151 4281 1217 4328 nec

152 4357 264 4430 aliter
282 4383 392 4455 quam
416 4355 556 4457 Spiritu
579 4356 734 4456 dignum
758 4361 857 4432 erat‘
