2752 4778
238 170 287 245 64

235 377 317 418 πασι
340 350 460 426 παντός
481 352 651 472 ἐλευθέραν
674 357 893 435 γνωρίσματος
914 353 1102 429 σοστατικῆς
1120 349 1325 429 ἰδιότητος
1297 377 1336 430 της

237 436 401 539 παρούσης
428 443 482 503 καί
503 437 590 501 ⁴¹666
615 440 747 546 χθορυῖς
768 439 995 546 συνισταμένης
1018 432 1168 518 ζωῆς,“
1147 461 1185 515 ην
1209 433 1268 502 066
1286 432 1334 520 666

236 519 492 632 είςπνεόμενος,
503 517 574 588 ούδ
597 523 733 604 αἵματος
763 519 872 631 ὀχετοὶ
904 548 960 588 του
991 521 1111 601 ὅπατος
1134 519 1333 609 ἀπορρέοντες

236 613 444 689 συνιστῶσιν,
472 605 551 673 6666
580 605 659 685 θεός
688 608 764 684 ὅλος
790 609 882 718 ὅλοις
907 607 1137 692 μετεχόμενος,
1167 615 1224 675 καί
1233 612 1332 717 ψυχῆς

235 695 358 784 τρόπον
369 695 460 799 πρὸς
483 699 575 802 σῶμα
599 700 634 808 66
655 700 780 803 ψυχῇ,
783 701 838 760 καὶ
860 696 913 758 666
918 697 1033 801 μέσης
1043 698 1157 802 ψυχῆς
1177 693 1262 779 πρὸς
1277 698 1331 761 τό·

234 808 281 888 μρι
305 807 357 865 γιν
359 781 513 930 όχιενος,
522 777 564 857 ῶς
592 757 678 846 οίδεν
707 778 819 861 αύνὸς,
852 805 883 844 66
912 777 929 858 6
952 785 1012 864 μὲν
1033 776 1188 866 ατρεεγίαν
1211 783 1330 863 δέξηται,

236 866 272 933 τδ
303 871 338 932 δέ
387 873 565 944 θανασίαν,
600 873 652 934 καὶ
684 866 761 942 ὅλος
782 864 957 947 ἄνθρωπος
978 869 1153 957 66666
1114 893 1151 957 τη
1176 871 1245 931 τού
1253 866 1328 933 ἐναν-

235 952 468 1039 δροιπήσαντος
498 956 580 1018 6606
598 952 707 1035 χόριτι
730 951 1001 1036 θεουργούμενος,
1032 934 1111 1028 ὅλος
1130 956 1191 1036 μὲν
1214 949 1329 1038 6666oe

235 1064 296 1114 νιος
323 1043 426 1122 μένων
452 1038 531 1105 κατὰ
554 1039 657 1143 ψυχὴν
678 1044 732 1104 καὶ
756 1042 874 1149 σῶμα
871 1037 924 1102 666
947 1037 1001 1116 666
1024 1033 1142 1143 φύσιν,
1173 1045 1230 1109 καὶ
1252 1037 1327 1148 ὅλοςΙ

74 1148 120 1188 τοι
137 1143 227 1190 ιηιτνι
235 1124 401 1234 γινόμενος
422 1119 502 1201 θεὸς
522 1122 599 1190 κατύ
624 1121 727 1229 ψυχὴν
750 1130 803 1190 καὶ
827 1127 919 1207 σῶμα
943 1120 995 1188 διὰ
1019 1121 1074 1203 666
1095 1124 1206 1228 χάριν.
1215 1131 1268 1191 καί
1285 1123 1328 1203 τὴν
1361 1186 1372 1194 .

235 1211 461 1316 ἐμπρέπουσαν
490 1207 575 1318 αρτῶ
598 1210 714 1320 διόλου
742 1217 838 1276 θείαν
866 1214 919 1314 της
946 1217 1111 1314 μακαρίας
1137 1209 1232 1290 δόξης
1261 1216 1328 1320 λομ-

233 1296 390 1402 πρότητα,
411 1295 520 1382 μεθ’
509 1293 546 1376 66
569 1294 626 1362 ούκ
649 1297 716 1362 ἔστι
739 1323 768 1360 τι
792 1295 961 1375 ἐπινοῆσαι
979 1293 1275 1403 λαμπρότερονῆ
1260 1315 1328 1403 τμη·
1358 1312 1372 1366 ἐ

234 1383 375 1492 λότερον.
427 1388 471 1448 Τι’
497 1383 557 1469 γὰρ
586 1383 735 1457 δεῶσεως
765 1393 832 1458 τοϊς
853 1379 994 1458 ὅξίοις
968 1381 1238 1488 ερασμιῶτερον,
1267 1378 1327 1448 ταδ’

233 1466 287 1548 66
293 1467 311 1534 6
334 1468 413 1544 θεὸς
434 1475 526 1545 θεοῖς
548 1472 730 1552 γενομένοις
752 1467 920 1576 ένούμενος
942 1465 977 1532 τό
1000 1473 1066 1533 πᾶν
1094 1467 1211 1535 ἑαυτοῦ
1236 1478 1327 1537 ποιεί·

235 1580 286 1618 ται
316 1552 356 1620 66
380 1552 582 1664 ἅγαθότηταη
616 1554 679 1620 Διὸ
711 1561 764 1619 καὶ
793 1551 907 1633 660666
936 1561 990 1619 καὶ
1019 1565 1127 1621 πεῖσιν
1156 1561 1212 1621 καί
1237 1551 1328 1641 χορόν

234 1645 337 1717 καλῶς
367 1638 537 1724 ὠνόμασαν
566 1640 620 1720 666
642 1639 788 1718 τοιαύτην
791 1639 1024 1748 κκατύστασιν,
1051 1642 1105 1720 666
1127 1667 1164 1731 66
1150 1646 1278 1746 ”6666
1283 1667 1328 1707 κο·

235 1727 382 1806 τανοήσει
412 1733 464 1792 καὶ
494 1731 530 1817 66
561 1728 696 1835 ἑπομένη
727 1723 805 1815 αύτῇ
838 1731 890 1806 τῆς
905 1723 1121 1834 εὐφροσύνης
1146 1709 1326 1802 απολοόσει,

72 1819 107 1858 ῑλ
116 1820 156 1859 ⁶¹¹
170 1815 227 1869 62²·
234 1809 351 1891 ἡδονὴν
368 1818 444 1920 μέν,
466 1809 508 1888 ῶς
512 1796 670 1889 τέλος
633 1838 733 1878 ουσαν
755 1817 816 1876 τῶν
837 1809 917 1878 κατὰ
940 1812 1037 1923 φύσιν
1059 1811 1237 1919 ἐνέργειαν
1246 1813 1327 1896 (οὸτνι
1352 1814 1372 1905 6

234 1900 297 2002 γὰρ
318 1897 372 1977 666¹
392 1895 507 1978 660666
529 1895 720 1983 ὁρίζονται),
743 1909 850 1965 πεῖσιν
873 1902 908 1962 δέ
929 1924 971 1974 αις
992 1897 1181 2009 ἐκστατικὴν
1198 1899 1372 1984 δύνομιν,-

234 1981 316 2070 πρός
343 1982 379 2049 τό
402 1990 519 2050 ποιούν
540 1984 576 2050 τὰ
601 1985 727 2064 πόσχον
748 1981 941 2105 ἐνόγουσαν,
969 1982 1048 2050 κατὰ
1078 1984 1132 2065 666
1160 1981 1327 2053 α’ντοδοθεΐε

235 2097 295 2136 σαν
316 2075 374 2136 τού
394 2068 488 2157 ἀέρος
509 2071 593 2156 πρὸς
610 2070 646 2136 66
671 2077 740 2182 χοῶς
761 2070 847 2136 καὶ4
848 2072 926 2135 4τού
948 2071 1050 2159 πυρὸς
1070 2069 1154 2158 πρὸς
1176 2069 1245 2145 666.
1249 2077 1328 2151 σίδη·

234 2183 293 2267 ρον
326 2157 631 2267 παραδειγματικῆν
651 2157 773 2238 αἰτιαν,
811 2163 865 2222 καὶ
899 2162 1082 2224 πείθουσαν
1115 2163 1259 2268 φυσικῶς
1281 2163 1327 2225 καὶ

234 2241 363 2354 ἀληθῶς
382 2243 424 2328 μη
448 2245 527 2309 ἄλλο
550 2270 579 2307 τι
599 2237 680 2308 εἶναι
699 2242 818 2326 παρυὶ4
819 2240 933 2308 4τούτο
953 2248 1016 2308 τῶν
1034 2240 1135 2310 όντων
1152 2243 1327 2357 κεφρίλαιον,
1369 2276 1372 2283 ·

234 2357 252 2437 η
271 2356 307 2394 το
326 2327 453 2406 ἀπαθὲς
470 2328 605 2405 δεόντως
623 2325 814 2406 όκολουδεί,
837 2329 941 2416 χαρὰν
963 2327 1043 2394 6‘6
1020 2355 1063 2406 ως
1082 2331 1222 2437 μηδὲν”
1201 2355 1327 2440 εχουσαν

232 2423 448 2521 αντικείμενον
473 2416 550 2500 μήτε
576 2414 743 2524 παρελθόν
770 2415 848 2499 μήτε
874 2420 1000 2499 μέλλον.
1052 2414 1119 2496 Τὴν
1145 2443 1209 2521 χαρ
1191 2443 1252 2505 ραν
1275 2440 1327 2502 γορ

232 2503 348 2605 44φασι
374 2496 452 2586 μήτε
480 2501 580 2580 λύπην
608 2501 806 2568 ἐπιστασδαι
836 2506 1083 2612 παρελθοῦσαν,
1117 2530 1195 2586 μητε
1225 2501 1327 2571 τόνέκ

233 2587 338 2672 φόβου
371 2588 468 2696 κόρον
478 2587 702 2698 ἐπιδέχεσθαι
732 2589 1013 2674 προςδοκῶμενον,
1053 2590 1156 2694 ῶςπερ
1186 2587 1204 2668 6
1232 2587 1328 2672 66666·
1370 2637 1372 2659 ;

226 2675 329 2739 Ὅθεν
345 2681 398 2739 καὶ
418 2671 459 2749 ῶς
476 2671 665 2753 ἐνδεικτικην
682 2682 897 2777 προςηγορίαν
915 2679 968 2753 τῆς
988 2675 1166 2784 μελλούσης
1185 2673 1329 2757 όληδείσς
1369 2716 1372 2747 ;

233 2756 439 2864 ύπιέρχουσαν
461 2759 515 2839 666
535 2759 638 2870 χαρὰν
661 2759 822 2865 ἐκύρωσαν
839 2766 1003 2843 πανταχού
1024 2762 1057 2825 οἵ
1076 2787 1108 2826 τε
1121 2761 1328 2836 θεόπνευστοι
1369 2806 1372 2833 :

232 2845 330 2953 λόγοι
352 2853 405 2912 καὶ
430 2847 463 2911 οἱ
493 2846 527 2923 ἐξ
549 2843 650 2911 αύτῶν
672 2844 709 2911 66
732 2853 808 2912 θεῖα
832 2852 1058 2954 σοφισθένᾶτες
1063 2848 1223 2932 μυστήρια
1245 2851 1329 2913 ποτέ
1370 2916 1372 2920 ,

232 2957 285 3018 ρες
314 2928 502 3037 6666136
531 2940 636 2997 τοίνυν
665 2931 707 3008 ῶς
735 2933 767 2996 ἐν
790 2933 966 3042 ἐπιδρομῇ,
978 2930 1058 2999 κατ’
1082 2934 1138 3017 ἐμὲ
1162 2935 1262 3018 φόνοι
1283 2933 1329 2999 τόν

232 3016 363 3129 μικρόν,
390 3023 575 3104 φυσικῶς
559 3019 626 3085 4τε
654 3026 707 3084 καὶ
729 3025 893 3103 γραφικῶς
914 3025 967 3084 καὶ
990 3026 1151 3128 πατρικῶς
1174 3025 1330 3098 δέδεικται,

71 3117 118 3157 0ολ
134 3102 256 3157 λλλλλι(
219 3131 275 3182 οις
289 3102 439 3172 ουδεν
396 3132 457 3170 των
477 3105 643 3211 γενητῶν
657 3131 785 3170 παιποτε
780 3107 989 3212 κινούμενον
1010 3106 1093 3187 ἐστη,
1116 3105 1191 3172 6666
1210 3101 1329 3187 τῆςλέπ
1369 3156 1372 3181 ,

232 3190 343 3257 44αύτό
372 3193 450 3258 κατὰ
479 3190 535 3257 τόν
563 3199 657 3258 θεῖον
686 3192 810 3258 σκοπόν
837 3193 1007 3274 ἐπελάβετο
1038 3191 1172 3274 λήξεως,
1200 3192 1283 3280 πρός
1302 3188 1372 3257 666·

232 3279 356 3356 τούτοις
383 3285 438 3345 καὶ
467 3275 509 3354 ῶς
536 3275 698 3363 ἀμήχανον
728 3283 781 3356 τῆς
812 3277 845 3341 ἐν
873 3283 916 3340 τῶ
947 3282 1014 3363 θεῶ
1042 3277 1259 3360 μονιμότητος
1279 3282 1331 3345 τῶν
1368 3314 1372 3354 t

231 3365 425 3470 ἀξιουμένων
446 3369 697 3477 παρεγκλιθῆναι
722 3365 756 3428 τό
777 3341 927 3446 βάσιμον
973 3341 1048 3438 Πῶς
1070 3365 1130 3451 γόρ
1155 3364 1222 3433 ἐστι
1246 3371 1331 3432 δονα-
1370 3404 1372 3441 :

233 3450 305 3534 τόν,
332 3453 387 3517 ἵνα
416 3463 484 3527 τοῖς
504 3452 682 3556 εἰρημένοις
703 3449 819 3552 μικρόν
839 3476 907 3513 τινα
931 3447 1013 3533 πρὸς
1033 3451 1262 3531 βεβαίωσιν
1230 3479 1283 3532 την
1303 3451 1331 3519 ἐν

232 3543 395 3623 λογισμῶν
423 3542 526 3645 δῶμεν
553 3536 726 3644 βοήθειαν,
759 3533 840 3610 τούς
860 3535 945 3610 ὅπαξ
975 3535 1073 3598 ἐντῶ
1095 3534 1202 3623 ἐλεῶί
1188 3563 1331 3627 ονταρκτι·

232 3629 294 3730 κῶς
320 3629 507 3729 γενομένους
534 3621 590 3688 τόν
621 3619 770 3725 ύβριρτην
798 3619 876 3686 κατὰ
906 3619 960 3699 666
982 3619 1093 3704 ἔφεσιν
1116 3601 1330 3734 ὑποδέξασθαι

232 3711 348 3797 κόρον,
370 3708 491 3786 παντός
511 3707 611 3797 κόρου
629 3706 707 3772 κατὰ
732 3705 787 3772 τόν
809 3709 894 3771 ἴδιον
916 3706 1014 3788 λόγον
1037 3716 1145 3773 τεκαὶ
1169 3711 1250 3796 ὅρον
1266 3709 1330 3794 ὅρι’

233 3802 308 3872 ξενος
337 3796 545 3900 τυγχάνοντος
572 3799 756 3901 σβεστικού,
797 3800 850 3858 καὶ
882 3791 960 3864 κατὰ
991 3790 1098 3857 δύο49
1110 3801 1372 3902 συνισταμένου

232 3881 380 3987 τρόπους.
425 3880 468 3948 'H
493 3879 554 3969 γὰρ
584 3879 640 3944 66
638 3877 844 3963 ὅποκείμενα
871 3874 912 3953 ῶς
933 3876 1031 3962 μικρὰ
1054 3877 1328 3995 περιγρρίφουσιιῆ

233 3967 338 4054 ὅρεξις
365 3973 546 4052 σβέννυται,
578 3965 598 4045 6
626 3961 874 4049 οίτιμοίζοοσοιί
851 3991 893 4040 ως
922 3964 1041 4049 αἰσχροί
1070 3991 1103 4030 τε
1132 3975 1186 4034 καί
1209 3969 1330 4054 είδεγθῆ

302 4211 342 4261 41
365 4206 522 4274 διαφθορᾶς
539 4210 595 4257 αοδ.
611 4208 676 4257 Gud.
713 4210 755 4257 42.
776 4202 806 4254 τό
822 4219 878 4271 πορ
892 4219 940 4255 τοο
931 4200 1069 4268 σιδηρου
1083 4205 1122 4255 ed
1141 4207 1197 4260 Gal.
1234 4205 1275 4257 43.
1288 4199 1327 4252 τοί

233 4275 263 4329 τό
283 4279 324 4328 οδ.
346 4279 400 4330 Gal
453 4279 495 4328 44
512 4271 612 4356 φαμὲν
630 4277 670 4328 ed
690 4278 744 4328 Gal.
797 4277 839 4325 45.
859 4289 888 4324 τε
906 4273 951 4324 καὶ
968 4274 1113 4339 γραφικῶς
1133 4291 1183 4325 non
1201 4274 1275 4325 habet
1292 4270 1323 4320 ed.

234 4347 289 4400 Gal
343 4347 385 4398 46.
404 4344 544 4415 γεννητῶν
565 4347 606 4396 εδ.
626 4344 680 4396 Gal.
739 4346 780 4394 47.
801 4338 874 4412 αὐτῷ
891 4344 934 4397 ed.
955 4342 1010 4394 Gal.
1359 4368 1367 4429 χ
