2752 4778
1064 205 1136 280 353

30 397 171 458 habitum
194 396 250 456 sibi
272 396 431 470 quaesivit.
478 395 660 455 Praecursor
682 411 753 455 vero
777 399 824 455 est
844 396 891 470 qui
910 394 1047 454 sincerae
1066 409 1140 470 pae-

30 486 178 545 nitentiae
199 499 257 557 ope
279 484 439 551 iustitiam,
470 496 549 555 quae
571 482 653 541 illam
675 484 885 557 subsequitur,
915 482 1141 557 conspicuaque

28 573 147 630 virtute
160 570 290 630 futuram
311 569 350 627 ad
369 583 460 642 quarn
474 570 512 627 sit
526 585 708 628 accessurus
722 570 925 646 cognitionem
938 569 1142 644 praenuntiat.

27 656 327 733 Magnus-fluensque
357 656 490 715 veritatis
515 671 625 730 praeco
648 658 768 730 estqui
790 655 946 715 doctrinae
969 669 1140 713 sermonem

26 761 47 804 a
73 744 240 818 semetipso
261 740 467 817 praedicatum
492 758 550 800 sua
572 743 691 817 propria
714 744 776 802 vita
797 744 965 802 confirmat.

27 895 91 968 Ex
118 894 248 968 eodem
272 916 455 982 sermone,
484 893 521 965 in
543 893 658 982 illud,
685 890 751 983 ,Et
776 893 806 964 si
831 892 913 990 quis
936 892 1141 990 discipulus

75 997 139 1091 vad.
155 996 441 1096 praedicandum
467 995 699 1094 evangelium
722 995 899 1086 mittitur,
939 996 1142 1094 frugalitati

84 1127 127 1173 ac
158 1100 388 1197 simplicitati
424 1100 584 1172 studeat:
626 1124 736 1197 quem
771 1108 915 1196 praeter
943 1098 1043 1196 quod
1075 1122 1142 1188 nec
1207 1124 1210 1128 ⁸

67 1206 163 1295 aes,
197 1229 262 1277 nec
283 1202 480 1293 baculum,
512 1228 578 1276 nec
599 1202 787 1300 duplicem
812 1203 975 1275 tunicam
997 1200 1140 1292 habeat,

25 1302 30 1307 ’
85 1308 197 1381 etiam
227 1307 336 1389 nudis
366 1305 522 1404 pedibus
547 1306 616 1378 iter
632 1307 753 1380 facere
776 1315 958 1404 oporteat,
991 1314 1034 1378 ut
1059 1305 1141 1404 pul·

85 1410 166 1484 chri
190 1410 301 1508 pedes
329 1409 662 1507 evangelizantium
683 1435 809 1506 pacem
833 1412 1052 1508 appareant‘

142 1543 339 1620 Evangelium
363 1548 411 1600 est
433 1543 589 1601 sublimior
612 1542 649 1601 de
673 1543 721 1601 dei
744 1560 839 1620 regno
861 1561 979 1618 sermo,
1013 1560 1141 1620 regnum
1252 1614 1254 1618 Ι

24 1635 136 1689 autern
168 1630 216 1689 dei
246 1634 292 1690 cst
321 1630 419 1689 omnis
448 1631 593 1688 materiae
622 1631 818 1704 omniumque
848 1632 1017 1690 vanitatum
1046 1630 1083 1689 de
1106 1645 1141 1688 ea

25 1720 252 1791 conceptarum
280 1732 357 1790 pura
380 1716 527 1774 condicio.
579 1714 752 1790 Discipulos
774 1719 864 1794 igitur
887 1717 925 1776 ad
949 1717 1142 1794 evangelium
1234 1730 1235 1734 ’

26 1801 275 1880 praedicandum
303 1803 433 1876 missus,
465 1803 508 1859 uti
538 1800 669 1872 videtur,
700 1805 726 1862 is
758 1809 806 1863 est
834 1805 884 1878 qui
912 1806 1047 1863 moribus
1077 1804 1142 1863 suis

25 1905 162 1968 prorsus
185 1904 255 1947 sese
278 1890 316 1947 ab
340 1889 397 1946 hoc
419 1887 532 1946 inundo
551 1888 755 1948 abalienatum
775 1891 981 1962 demonstrat,
1005 1889 1142 1964 eoquod

26 1975 117 2036 aeris
151 1976 190 2034 sit
217 1990 326 2049 expers
356 1981 386 2033 et
415 1973 529 2047 baculi,
564 1974 709 2048 'airodque
737 1992 831 2035 unam
862 1982 979 2036 tanturn
1009 1978 1142 2035 tunicam

27 2063 167 2134 habeat,
191 2063 340 2136 pecuniae
359 2060 529 2135 cupidinem
549 2065 579 2118 et
599 2060 788 2120 iracundiam
807 2064 854 2122 vel
876 2063 992 2136 imperii
1015 2062 1143 2121 alicuius

28 2147 251 2210 confidentiam
274 2163 362 2206 suarn
386 2147 622 2217 circumcidens,
653 2148 814 2222 moralem,
845 2147 1069 2224 philosophiam
1091 2164 1144 2208 ne·

28 2251 95 2311 que
119 2233 256 2294 dolosam
282 2249 380 2308 neque
402 2233 546 2307 effictam,
571 2234 738 2308 simplicem
762 2251 829 2294 eam
849 2235 991 2309 omnique
1009 2236 1144 2295 versutia

27 2322 178 2394 liberam,
218 2320 309 2379 veluti
336 2336 429 2379 unam
458 2318 642 2390 tuniculam,
676 2321 835 2396 profitens,
875 2321 990 2381 nullum
1019 2322 1143 2382 omniuo

28 2406 226 2468 mortalitatis
260 2408 381 2484 signum
415 2407 534 2465 animae
564 2407 691 2482 vestigio
722 2408 813 2468 veluti
841 2408 977 2468 calceum
1004 2408 1142 2483 indutus,

29 2497 140 2568 utpote
163 2495 214 2566 qui
236 2509 368 2570 magnae
391 2493 474 2566 pacis
496 2493 608 2551 existat
631 2495 769 2564 nuntius,
800 2501 890 2570 atque
913 2500 1012 2555 status
1032 2509 1143 2570 praeco

31 2580 88 2656 qul
118 2595 179 2638 non
208 2581 313 2639 timeat
341 2579 469 2655 arnplins
492 2578 604 2638 bellurn
626 2581 804 2654 passionum
828 2587 881 2642 aut
903 2584 1039 2657 corporis
1063 2597 1144 2641 mor·

30 2675 97 2728 tem
126 2665 314 2740 reformidet,
349 2665 426 2724 adeo
453 2670 488 2724 ut
514 2667 565 2764 qui
588 2666 753 2740 prudenter
773 2669 804 2727 in
827 2685 897 2728 eum
920 2670 1025 2728 oculos
1048 2668 1145 2770 ligurit

32 2770 76 2817 ex
109 2752 286 2812 immutabili
321 2753 399 2810 ritae
432 2769 487 2827 per
520 2753 659 2813 virtutem
699 2753 855 2815 identitate
897 2756 1077 2833 angelorum
1111 2755 1142 2814 in

32 2839 86 2900 dei
116 2841 260 2898 comitatu
291 2840 553 2898 conversationem
584 2839 792 2915 dignissimam
823 2847 914 2916 atque
948 2842 1144 2952 stabilitatem

31 2925 220 3000 exprimant.

33 3058 155 3133 Alia
146 3084 186 3132 111
208 3058 308 3133 idem
331 3057 601 3158 contemplatio.

94 3235 96 3238 ψ
145 3193 205 3252 Aut
233 3192 364 3253 fortasse
389 3209 444 3268 per
463 3191 685 3268 simplicitatem
708 3194 851 3253 orationis
875 3199 904 3254 et
926 3210 1035 3255 zonam
1058 3195 1146 3256 loan-

34 3280 86 3339 nis
116 3279 280 3351 imitando,
310 3285 340 3339 et
368 3296 474 3339 rursus
504 3280 544 3339 ad
571 3279 745 3340 facultatem
776 3280 946 3341 faciendam
968 3283 1145 3360 evangelice

33 3364 156 3444 pascha
177 3364 301 3440 edendi,
325 3370 354 3425 et
374 3366 613 3442 participantium
637 3365 821 3427 differentias
844 3370 873 3425 et
893 3368 990 3443 ipsius
1013 3369 1146 3446 pascha·

33 3455 76 3513 tis
105 3451 213 3512 modos
242 3457 330 3528 pater
358 3469 412 3529 per
435 3454 576 3531 aenigma
597 3453 811 3529 praecipiendo
834 3453 1024 3531 significavit.
1076 3455 1146 3516 Tria

34 3540 121 3601 eninr
149 3538 265 3614 pascha
295 3540 446 3613 antiquior
474 3539 565 3600 tradit
595 3556 683 3600 sacra
713 3541 875 3616 scriptura,
906 3557 999 3601 unum
1024 3541 1145 3617 quidem

35 3640 111 3686 esse
133 3625 297 3700 perlectum
319 3626 349 3682 in
374 3626 531 3706 Aegypto,
554 3631 584 3684 et
607 3627 735 3685 alterurn
758 3627 788 3685 in
811 3626 949 3699 deserto,
972 3633 1003 3688 et
1025 3629 1144 3688 tertium

33 3714 67 3772 in
105 3716 184 3770 terra
220 3713 470 3772 annuntiationis.
536 3715 693 3790 Aegyptus
728 3712 819 3788 igitur
853 3712 1023 3775 secundum
1052 3731 1145 3775 unam

34 3798 255 3874 cogitationem
278 3798 408 3873 figurata
430 3799 513 3858 hunc
535 3799 681 3858 mundum
704 3799 869 3877 significat,
898 3800 1051 3861 desertum
1075 3817 1146 3860 vero

34 3885 151 3962 pariter
179 3883 348 3944 seeundum
375 3884 499 3945 alteram
523 3884 641 3944 illarum
665 3885 954 3962 contemplationum
977 3890 1144 3948 animarum

21 3975 109 4048 post
137 3975 264 4030 mortem
293 3975 406 4031 statum
434 3972 600 4048 allegorice
630 3970 770 4045 denotat,
799 3977 880 4032 terra
902 3977 1004 4033 autem
1026 3990 1146 4035 annun-

111 4146 133 4195 l
150 4143 212 4193 Cod.
222 4141 288 4192 Gnd.
303 4135 429 4208 αγγέλοις
440 4137 505 4206 περὶ
515 4135 592 4192 θεον
618 4141 723 4190 Punctis
737 4142 768 4190 ab
782 4141 864 4192 aliena
878 4149 903 4190 et
914 4143 1056 4193 recentiore
1070 4158 1145 4194 mauu
1192 4155 1195 4161 ·

36 4230 133 4298 positis
152 4228 300 4294 subscripta
318 4236 357 4279 est
375 4213 520 4279 emendatio
542 4240 618 4290 quam
637 4227 780 4278 extricasse
798 4227 862 4278 mihi
880 4242 930 4278 non
949 4229 1066 4296 contigit.

111 4317 134 4369 l
154 4315 339 4382 npographum
356 4315 434 4367 babet
452 4311 466 4364 ὅ
486 4308 577 4382 πατήρ
594 4312 706 4384 γραφῆς
723 4309 812 4383 λόγος.
859 4311 1003 4366 Correxi
990 4333 1003 4364 a
1028 4315 1147 4376 παλαιᾶς

36 4381 257 4456 accretas
900 4453 939 4516 ²3
