2752 4778
1142 172 1238 273 'roa

120 381 285 443 mrualem
312 381 405 442 uttam
434 381 518 442 exuti
541 384 645 454 eraut,
675 394 729 457 per
752 379 904 440 actionum
929 380 1118 443 sensualium
1143 386 1241 441 rnrrta-

120 470 239 530 ionem
271 482 335 542 qua
362 482 418 527 eos
438 468 571 543 spiritus
601 465 715 541 affecit,
746 465 876 540 demptis
906 466 1118 527 intellectualis
1142 468 1171 526 in
1195 469 1241 529 eis

120 553 284 627 breuitatis
313 553 494 629 passionum
523 553 741 626 velaminibus,
771 567 809 611 ex
839 565 899 625 quo
922 554 1066 613 sensibus
1089 554 1151 612 tam
1175 555 1241 613 aui·

120 656 193 703 mae
213 632 320 715 ¹(prauam
346 641 485 715 corporis
515 641 636 716 purgati
666 637 840 713 spirituales
870 640 1005 699 rationes
1029 640 1240 714 mysteriorum

120 728 166 787 eis
203 729 448 785 monstraturum
483 725 639 786 docentur.
708 725 806 797 Atque
841 724 1011 789 radiantem
1040 725 1125 785 illum
1154 723 1241 799 faciei

120 812 355 875 omnibeautenr
386 811 597 886 splendorem,
632 815 665 870 ut
694 825 814 868 ornnem
843 810 1001 871 oculorum
1027 813 1122 893 aciem
1148 827 1241 887 supe-

120 902 267 970 rantem,
291 896 413 959 deitatis
435 898 503 957 eius
527 912 605 973 qrrae
627 904 759 957 mentem
784 903 813 954 el
830 912 955 959 sensum
976 905 1006 957 el
1024 896 1191 957 essentiam
1211 904 1241 956 et
1302 917 1304 922 ·

120 984 334 1061 coguitionem
348 980 489 1043 ¹'excedit
526 983 696 1059 symbolum
733 998 804 1042 esse
840 985 966 1057 mystice
997 984 1241 1054 instituebantur,

120 1069 196 1131 lude
220 1068 314 1145 quud».
327 1085 386 1129 uec
408 1071 540 1145 speciem
565 1070 630 1130 eius
653 1084 708 1127 nec
726 1068 852 1126 formam
872 1085 929 1129 nec
948 1067 1127 1129 Sermonem
1148 1084 1241 1130 carue

120 1156 273 1217 restitum
291 1170 488 1231 ‚cognoscere
517 1159 646 1230 possent
673 1170 709 1214 ec
733 1154 854 1214 deducti
877 1161 910 1215 ut
933 1172 1002 1215 eum
1028 1157 1240 1230 tempestivum
1315 1232 1319 1239 ,

120 1257 201 1317 prae
216 1240 294 1301 ¹tiliis
318 1241 491 1314 bominum,
521 1247 552 1302 et
575 1243 604 1300 in
627 1241 773 1316 principio
797 1257 884 1314 esse,
909 1248 940 1301 et
962 1241 1042 1316 opud
1062 1241 1150 1300 deum
1170 1256 1241 1303 esse

120 1334 152 1388 et
174 1326 274 1389 deum
290 1328 395 1403 sisse,-
409 1326 638 1405 intellegerent,
668 1332 699 1385 et
721 1326 760 1386 ad
784 1326 832 1385 tilii
857 1326 984 1404 gloriam
1008 1327 1046 1387 de
1068 1328 1241 1404 patre-ple·

120 1428 209 1477 uam-
240 1413 338 1490 gratia
365 1419 403 1473 ,et
440 1415 580 1485 veritate,
619 1418 725 1488 utpote
754 1414 916 1495 unigeniti,
954 1429 1006 1487 per
1037 1413 1241 1492 theologicam

121 1500 346 1577 negationem,
368 1515 448 1574 quus
467 1499 703 1561 eum'omnibus
726 1500 850 1558 omniuo
872 1494 1128 1575 inperceptibilem
1148 1516 1242 1576 prae·

121 1584 230 1656 dicat,
253 1586 399 1663 gnostica
416 1587 527 1646 aucliz·
555 1584 704 1645 candidas
735 1591 835 1645 arrteur
857 1590 958 1645 vestes
982 1602 1091 1645 sacrae
1114 1582 1248 1661 scriptu'

120 1686 180 1732 rae
211 1670 360 1731 dictorum
392 1672 470 1732 terre
499 1671 687 1747 symbulum,
723 1677 755 1730 ut
783 1686 861 1744 quoe
893 1677 954 1731 tum
978 1675 1023 1733 eis
1047 1677 1119 1732 suut
1140 1673 1242 1733 clarae

121 1762 157 1817 et
176 1757 371 1843 :perspicuae
396 1763 426 1816 et
454 1755 606 1816 dilucidae
634 1755 751 1837 iactae,
782 1762 813 1817 et
835 1751 917 1818 omui
940 1759 1114 1837 aenigmate
1136 1758 1241 1818 diiiici-

120 1843 202 1903 liore
226 1848 258 1903 et
279 1842 448 1918 symbolica
469 1844 578 1911 umbra
601 1847 713 1903 exutae
736 1847 765 1903 et
785 1843 973 1919 intellectae,
996 1845 1144 1904 rationem
1168 1860 1242 1920 ape·

120 1930 244 1990 ‘tientes
267 1943 352 2003 quae
369 1927 476 1989 reluta
497 1930 572 2002 ipsis
595 1929 727 2003 inesset,
759 1944 827 1988 cunr
852 1929 1014 2005 proclivem
1037 1937 1068 1991 et
1090 1930 1241 1991 sinceram

125 2014 406 2092 dei,cogbiliune1n
429 2019 623 2089 exercerent,
654 2020 684 2074 et
706 2031 725 2073 a
749 2014 849 2075 studio
872 2016 967 2075 seculi
991 2022 1021 2074 et
1043 2016 1144 2076 carnis
1167 2016 1243 2076 libe·
1301 2032 1304 2037 ·

126 2100 345 2161 reticescat:
380 2099 434 2159 uel
469 2100 560 2161 etiam
596 2101 693 2175 ipsius
730 2101 912 2161 conditionis
948 2102 1026 2161 terre
1061 2102 1240 2178 symbolum,

127 2186 408 2263 post-destructum
433 2186 603 2259 sordidam,
634 2201 714 2260 quae
735 2186 854 2246 iuterim
878 2190 1102 2262 repraesentari
1125 2189 1243 2262 inipso

127 2272 290 2335 videbatur
298 2310 318 2343 ,ι
341 2272 540 2347 deceptorum
570 2270 688 2346 solique
716 2274 823 2333 sensui
852 2275 1094 2348 mancipatorum
1125 2274 1242 2349 opinio·

127 2373 303 2434 uenus-per
325 2359 492 2435 sapientem
515 2358 706 2418 diversarum
731 2360 900 2434 specierum
924 2359 1151 2434 quaeimplent
1172 2375 1240 2421 eam

127 2444 325 2518 venustem,
356 2443 492 2505 similiter
521 2461 558 2504 nc
587 2445 697 2517 vestis,
733 2444 912 2522 dignitatem
944 2447 1010 2504 eius
1040 2447 1090 2519 qui
1112 2445 1239 2506 rationis

125 2531 339 2608 proeraalrlcis
369 2535 471 2608 gestat
502 2533 642 2592 virtutem
664 2530 836 2591 indicantis.
889 2531 1053 2605 Utrumque
1075 2531 1155 2602 ¹enirn
1179 2530 1240 2594 Ru·

124 2618 202 2679 tiotti
230 2621 439 2681 consentanee
469 2623 516 2683 est
538 2616 668 2692 dictum,
701 2617 849 2691 siquidem
873 2619 963 2689 etiarn
985 2619 1145 2692 utrobique
1166 2617 1240 2677 latet

124 2703 330 2777 ommacio,
360 2709 489 2779 propter
526 2719 599 2774 uos,
638 2717 677 2760 ne
712 2703 756 2761 eis
791 2717 871 2778 quae
904 2703 1140 2781 inperceptibilia
1167 2710 1240 2765 suut

124 2789 253 2867 indigue
286 2789 455 2866 impingere
491 2788 678 2861 audeamus,
715 2791 744 2847 iu
782 2806 891 2850 sacrae
919 2791 1040 2866 quidem
1071 2791 1240 2865 scripturae

125 2890 218 2948 voce,
250 2878 285 2937 ut
305 2873 423 2945 Ratio,
441 2876 469 2934 in
494 2878 635 2935 creatura
658 2884 757 2945 ver0,·
776 2882 809 2935 ut
831 2881 950 2937 creator
972 2882 1002 2935 et
1023 2876 1119 2936 iactor
1133 2880 1170 2935 -et
1191 2892 1240 2952 nr·

124 2960 211 3023 titas.
225 2990 246 3021 ·.
264 2958 349 3021 Unde
365 2976 453 3039 eum,
478 2967 607 3034 utruque
636 2962 813 3022 necessario
841 2961 977 3040 indigere
1007 2962 1075 3022 dico
1098 2963 1149 3038 qai
1172 2962 1240 3021 sine

126 3045 279 3124 vituperio
309 3045 348 3106 ad
376 3045 467 3107 deum
495 3051 578 3107 recte
610 3046 659 3106 vie
679 3063 815 3125 pergere
844 3047 987 3121 voluerit,
1019 3055 1050 3108 et
1071 3049 1239 3123 scripturae

125 3135 156 3193 in
185 3132 296 3209 spiritu
324 3133 512 3210 cognitione,
552 3138 583 3192 et
599 3134 742 3194 naturali
771 3133 939 3194 secuudum
969 3134 1107 3208 spiritum
1138 3150 1238 3193 rerum

126 3217 398 3295 contemplatione:
440 3218 519 3280 adeo
552 3223 588 3278 ut
616 3217 696 3279 duae
727 3218 813 3298 leges
843 3221 907 3295 pari
936 3225 1063 3279 ornatae
1092 3219 1239 3295 dignitate

124 3311 157 3366 et
183 3303 316 3366 eandem
344 3302 513 3365 doctrinam
541 3303 716 3376 tradentes,
749 3311 810 3365 mm
832 3305 980 3371 naturalis
1002 3320 1095 3380 quam
1118 3305 1239 3381 scripta,

126 3408 163 3471 uc
189 3394 304 3452 neutra
331 3385 469 3466 'superior
497 3389 593 3465 altera
616 3395 669 3451 aut
699 3389 836 3462 interior,
865 3391 1091 3465 demonstrare,
1122 3394 1155 3450 ut
1184 3405 1239 3466 par

125 3481 189 3551 est,
216 3475 350 3552 possint
375 3475 528 3551 perlectae
557 3477 727 3552 sapientiae
746 3483 918 3538 amatorem
936 3478 998 3538 beri
1022 3492 1090 3537 eum
1114 3476 1165 3551 qui
1188 3492 1239 3537 sa·

126 3563 257 3639 pientiae
280 3561 414 3645 perfecte
436 3562 632 3639 concupierit.

126 3766 396 3894 Contemplatio
424 3796 602 3870 naturalis
627 3807 664 3871 et
678 3797 813 3897 ‚sumpti
837 3796 936 3896 legis·
957 3819 1156 3896 eorumque
1183 3754 1236 3871 sc·

137 3906 159 4013 ὀ
175 3898 343 3973 cundum
368 3922 507 3974 nexum
532 3900 628 3975 inter
653 3925 692 3975 se
719 3899 986 4000 congruentiae.

232 4046 370 4127 intelligo
400 4065 494 4111 unam
522 4050 645 4127 quidem
674 4050 773 4128 legem
802 4034 1001 4127 aequabiliter
1031 4065 1103 4110 sese
1126 4049 1164 4110 sd
1187 4065 1238 4110 ra·
1328 4071 1329 4075 ¹

130 4134 239 4196 tionem
272 4149 361 4209 quam
392 4137 524 4197 maxime
546 4140 648 4212 potest
669 4136 849 4211 dirigentem
872 4153 925 4212 per
947 4136 1124 4212 spectacula
1145 4136 1175 4195 tn
1200 4152 1236 4195 eo

198 4324 429 4438 rfapogapnun
451 4368 506 4440 ra.
