2768 4784
1136 324 1145 343 ι
1167 217 1239 293 259

128 402 174 463 alt
195 401 353 479 magister.
399 398 563 461 utcontra
583 398 644 461 hoc
664 418 705 461 ne
727 402 951 479 obstrepamus.
996 400 1072 463 Nam
1095 405 1122 463 si
1143 407 1240 479 retus,

129 490 183 563 qui
209 494 339 564 peccato
368 487 563 561 subiacebat,
602 486 701 547 Adam
730 488 867 564 simplex,
881 495 912 549 et
934 488 1021 549 exilis
1044 488 1153 560 homo,
1183 491 1242 564 pri-

131 590 200 636 mas
228 576 259 633 in
288 575 397 650 spirita
422 572 510 650 leges
539 577 670 634 naturae
697 575 924 636 inoboedientia
953 575 1093 635 dissolvit
1120 576 1243 637 inferio-

130 676 259 736 remque
286 659 435 721 muudum
461 657 547 735 prole
575 659 705 734 replevit
732 660 772 721 de
801 676 858 721 suo
886 663 1004 723 semine
1032 666 1063 723 et
1090 663 1121 721 in
1150 678 1242 723 carne

131 751 202 808 sata
231 747 263 805 in
290 745 460 821 interitum,
489 747 744 822 transgressionis
773 763 852 808 suae
879 748 1078 810 similitudine
1099 749 1241 824 princeps

130 833 250 909 lactus,
279 837 311 894 et
339 848 429 895 uerno
460 831 660 906 obloquatur,
694 832 788 893 multo
818 837 917 912 magis
947 835 997 910 qui
1028 837 1094 894 sine
1115 839 1242 911 peccato

130 925 195 989 est.
208 934 309 985 novus
334 919 432 980 adam
455 918 592 979 Christus
622 918 701 978 deus
730 920 816 996 legas
845 921 1086 983 irrationalitatis
1116 927 1243 982 naturae

130 1006 170 1066 de
193 1010 320 1081 peccato
341 1004 453 1065 inlatas
476 1003 666 1081 dissolverit,
701 1012 736 1065 ut
758 1009 851 1083 ratio,
883 1009 1131 1083 superioremque
1154 1024 1243 1068 mun·

130 1092 206 1153 dum
235 1097 319 1152 recte
340 1093 377 1151 iis
399 1090 561 1166 repleverit
583 1106 662 1166 quos
685 1108 724 1151 ex
746 1109 781 1153 se
806 1095 836 1152 in
860 1094 969 1170 spiritu
990 1100 1118 1171 generat
1139 1095 1244 1154 interi·

130 1185 181 1240 tus
212 1183 371 1254 expertes,
406 1177 617 1237 oboedientiae
646 1193 722 1239 suae
750 1179 947 1239 similitudine
970 1181 1110 1256 princeps
1133 1180 1242 1239 lactus.

130 1263 168 1324 Et
197 1280 287 1324 nemo
314 1263 405 1325 iidem
437 1262 569 1340 deneget
597 1280 702 1325 eorum
734 1267 782 1339 qui
815 1266 863 1326 vel
895 1266 1051 1342 paululum
1081 1272 1244 1327 senserunt

129 1350 181 1410 dei
209 1351 368 1426 imperium
399 1350 526 1424 eiusque
556 1350 797 1426 magnitudinem
826 1358 1028 1429 agnoverunt.
1081 1351 1130 1412 Sic
1152 1353 1245 1430 igitur

130 1438 273 1512 superior
303 1435 435 1497 mundus
464 1436 598 1511 repletur
624 1437 662 1495 iis
692 1439 742 1512 oui
765 1439 803 1498 de
826 1438 946 1499 Christo
968 1441 999 1500 ln
1021 1440 1127 1515 spiritu
1149 1454 1245 1516 gene-

127 1529 255 1593 rantur,
285 1524 378 1593 etsie
400 1522 490 1583 linem
515 1525 638 1582 sortitur
659 1525 892 1585 convenientem
916 1526 1049 1587 carnalis
1072 1531 1103 1585 et
1124 1525 1245 1584 inferio·

129 1611 173 1671 ris
195 1608 291 1669 huius
311 1609 520 1687 generationis
542 1608 612 1679 lex,
634 1616 665 1669 et
687 1610 726 1670 ad
749 1613 938 1687 superiorem
961 1612 1108 1672 mundum
1128 1626 1243 1686 aequa-

128 1696 182 1756 bili
204 1696 310 1757 omniu
331 1695 436 1757 ordine
457 1695 693 1773 dispungentur.

128 1906 219 1983 Alia
242 1909 282 1983 in
305 1908 405 1983 idem
429 1907 648 1983 observatio.

239 2080 313 2141 Cum
337 2095 408 2140 vero
431 2080 524 2140 aliam
548 2096 668 2155 quoque
687 2080 824 2156 magistri
843 2095 943 2140 sermo
961 2078 1243 2154 interpretationem

129 2165 292 2229 admittere
322 2166 395 2225 mlhi
423 2164 577 2237 videatur,
607 2167 686 2226 haec
717 2180 838 2240 quoque
866 2182 920 2241 pro
950 2164 1064 2224 viribus
1087 2165 1163 2224 meis
1187 2166 1243 2224 erit

128 2252 350 2331 proponenda,
373 2252 431 2312 deo
453 2253 482 2311 in
503 2251 671 2328 evangeliis
690 2252 758 2327 ipso
776 2267 950 2311 sermonem
967 2249 1125 2327 dirigente.
1171 2248 1243 2310 Sola

127 2345 161 2400 et
182 2340 276 2400 unica
298 2354 399 2399 rerum
423 2340 633 2400 universarum
657 2354 752 2398 causa
779 2343 870 2412 atque
894 2337 970 2397 deus
994 2353 1082 2396 meus
1105 2335 1191 2396 lesus
1212 2337 1241 2395 lu

127 2424 288 2503 parabolis
317 2424 434 2485 occulte
463 2424 577 2484 docens
607 2424 645 2483 de
674 2440 731 2484 ove
755 2439 834 2498 quae
857 2423 894 2482 de
917 2423 1018 2482 divino
1042 2429 1162 2483 centum
1185 2438 1242 2483 nu·

125 2528 217 2575 mero
236 2512 404 2587 aberravit,
429 2517 459 2572 et
477 2510 515 2571 de
536 2509 681 2571 drachma
701 2525 780 2584 quae
802 2510 840 2569 de
863 2509 965 2569 divina
987 2508 1102 2569 decade
1125 2509 1242 2569 amissa

125 2604 197 2673 est,
227 2602 259 2658 et
280 2597 319 2661 de
342 2594 402 2657 illio
425 2596 553 2674 prodigo
576 2597 626 2672 qui
649 2602 679 2656 et
700 2601 817 2673 patrem
840 2595 1065 2658 inconsiderate
1084 2592 1242 2670 dereliquit

125 2690 159 2746 et
188 2682 342 2745 fraternae
369 2683 490 2743 divinae
519 2683 628 2760 dyadis
651 2684 847 2744 concordiam
871 2683 976 2755 solvit,
1010 2682 1163 2743 hominem
1186 2697 1242 2757 ap-

125 2770 257 2848 pellavit
285 2785 372 2829 ovem
402 2769 540 2845 quidem,
575 2772 610 2828 ut
633 2769 719 2830 culus
743 2787 815 2830 cura
839 2769 980 2840 habetur,
1009 2774 1100 2844 puto,
1130 2770 1242 2842 quique

124 2858 234 2936 agitur
260 2863 290 2918 et
318 2859 348 2916 in
378 2855 514 2916 ordinem
542 2855 687 2933 redigitur
716 2857 950 2932 possessorique
975 2872 1033 2916 suo
1056 2857 1112 2915 tria
1134 2871 1242 2915 neces-

124 2944 215 3005 saria
235 2946 388 3020 praestat,
422 2942 526 3003 lanam
550 2947 581 3001 et
603 2958 715 3019 agnum
740 2947 769 3001 et
789 2943 855 3014 lac,
889 2947 923 3002 ut
945 2944 995 3016 qui
1017 2943 1107 3002 alitur
1128 2948 1158 3001 et
1181 2941 1243 3011 alit,

124 3032 250 3092 ratione
277 3032 308 3088 et
337 3027 427 3088 modo
456 3028 605 3088 naturalis
627 3029 907 3103 contemplationis,
938 3030 1040 3101 etqui
1064 3029 1243 3087 vestituret

124 3117 225 3179 vesdt
253 3113 342 3175 modo
371 3114 494 3174 moralis
524 3113 754 3190 philosophiae,
785 3118 814 3174 et
837 3116 888 3189 qui
910 3114 1023 3173 ditatur
1045 3118 1074 3172 et
1096 3113 1170 3172 ditat
1192 3129 1241 3172 se·

123 3202 268 3265 cundum
289 3201 373 3277 paris
396 3203 624 3278 generationem
648 3201 793 3278 mysterio
815 3216 907 3260 verae
935 3199 1112 3258 intuitionls.
1168 3196 1242 3257 Item

123 3288 327 3362 drachmam,
358 3292 464 3363 utpote
493 3287 616 3346 nitidam
647 3292 678 3346 et
699 3286 833 3365 regalem
856 3285 1060 3363 imaginisque
1084 3284 1175 3344 verbo
1197 3283 1243 3343 dl-

122 3376 233 3437 vluam
257 3374 406 3451 originem
429 3375 665 3449 exprimentem,
689 3380 720 3434 et
742 3374 841 3435 omnis
864 3373 986 3432 divinae
1009 3367 1242 3448 pulchritudinis

123 3476 224 3541 qnam
253 3464 356 3537 potest
383 3460 448 3519 lieri
477 3473 631 3535 capacem.
673 3458 748 3522 ltem
770 3460 881 3534 fllium,
911 3462 946 3518 ut
968 3463 1164 3533 paternorum
1187 3458 1243 3516 bo·

122 3556 241 3610 uorum
269 3545 433 3606 haeredem
463 3553 494 3606 et
515 3547 581 3622 pari
604 3562 673 3606 curn
696 3551 780 3623 patre
802 3546 920 3606 honore
940 3544 1089 3606 fruentem
1112 3542 1151 3601 de
1173 3556 1244 3620 gra-

122 3636 191 3699 ttae
220 3647 356 3693 munere.
409 3631 496 3692 Hunc
525 3647 598 3692 vero
625 3632 778 3694 hominem
807 3637 955 3708 tanquam
978 3647 1067 3691 ovem
1090 3632 1242 3690 errantem

122 3720 210 3783 dens
242 3717 431 3795 providentia
460 3732 518 3778 sua
547 3718 730 3796 vestigalem
759 3721 793 3778 ut
820 3723 926 3793 pastor
954 3719 1084 3792 invenit,
1116 3716 1242 3789 suisque

122 3804 269 3869 humeris
297 3804 437 3864 inlectam
467 3803 506 3864 ad
531 3807 716 3864 consortium
739 3804 818 3899 ovile
841 3801 969 3863 reduxit.
1022 3803 1058 3862 Ut
1079 3802 1241 3878 imaginem

122 3906 204 3955 vero
235 3889 393 3951 adorabas
417 3895 653 3966 conspurcatum
676 3896 706 3950 et
727 3890 824 3968 regali
846 3890 943 3949 forma
965 3890 1102 3950 orbatam
1126 3885 1241 3959 Sermo,

122 3984 161 4043 ul
192 3978 345 4055 sapientia
376 3977 422 4036 sui
449 3978 548 4052 lpslus
574 3991 695 4037 carnem
718 3977 748 4035 in
771 3976 916 4036 lucernae
938 3974 1061 4035 modum
1083 3975 1243 4033 incensam

122 4066 203 4129 lune
236 4062 401 4123 divinitatis
435 4078 512 4123 suae
545 4064 677 4138 invenit,
711 4067 742 4122 et
773 4063 878 4140 magni
911 4058 1015 4138 gaudll
1049 4061 1244 4121 occasionem

122 4152 214 4215 hune
235 4150 441 4210 inventionem
464 4148 549 4225 lacit,
575 4163 635 4224 qua
656 4148 777 4210 dlvinae
800 4148 926 4208 decadis
947 4145 1099 4208 deiectum
1120 4145 1245 4222 supple·

201 4390 225 4441 1.
247 4383 433 4452 npogmpburn
450 4377 595 4447 ἀφθαδῶς.
974 4448 1037 4508 w
