2768 4784
1164 209 1237 288 261

122 390 172 449 vlt.
229 388 267 451 tlt
301 389 396 451 lilium
432 406 503 451 vero
535 394 662 466 peccato
692 390 905 450 mortificatum
935 397 964 451 et
993 391 1041 452 dei
1069 395 1239 471 ignorantia

122 476 277 551 perditum
313 482 348 538 ιιι
381 482 467 553 pater
504 478 602 538 bonus
639 475 784 552 reducem
812 479 941 554 reecpit,
979 479 1067 552 eique
1095 481 1240 555 pristinae

122 563 284 640 dignitatis
318 562 453 640 insignia
488 563 580 638 plene
614 579 723 624 rursus
759 562 850 634 indit,
890 570 920 624 et
956 564 1038 638 quod
1074 566 1240 626 maximnm

122 649 276 713 omnium.
291 665 369 713 sane
399 655 446 710 est
475 651 586 723 cuique
609 665 762 709 summum
783 651 864 709 inest
887 652 1078 725 mysterium,
1113 652 1239 713 vitulum

124 740 239 797 mactat
258 736 450 813 saginatum,
475 736 612 810 quisquis
635 742 701 796 erat
723 735 836 795 vitulus
858 736 916 796 iste
939 742 970 796 et
993 738 1151 798 mirificum
1173 740 1239 799 eius

124 821 309 882 sacrificium
336 820 415 899 (erat
443 837 533 895 vero,
567 827 601 880 ut
630 821 705 881 milri
734 820 865 894 videtur,
900 838 1039 882 summus
1070 823 1107 882 de
1136 824 1239 885 divina

125 912 218 983 atque
252 905 396 968 ineffabili
429 907 618 982 providentia
649 907 887 984 inperceplibilis
918 913 947 968 et
980 911 1126 985 incogniti
1157 911 1239 971 modi

125 992 233 1055 Sermo
257 994 484 1055 occultissimus
503 998 595 1068 atque
618 993 708 1068 plane
729 995 919 1071 incognitus,
951 997 1078 1069 eiusque
1102 1012 1171 1056 curn
1194 998 1239 1057 eis

124 1083 175 1156 qm
206 1082 345 1141 existant
371 1080 473 1140 divina
503 1077 769 1162 communicatio),
805 1087 834 1139 et
862 1096 916 1155 pro
946 1081 1049 1157 gaudii
1078 1081 1238 1142 ineffabilis

126 1182 249 1229 summa
275 1166 329 1225 lilii
356 1166 488 1226 reditum
516 1166 628 1236 babet,
663 1182 724 1241 qua
753 1166 881 1225 liliorum
903 1167 979 1241 dyas
1002 1168 1162 1244 magnifice
1184 1185 1239 1229 ex·

126 1254 208 1328 pleta
230 1258 261 1313 ei
283 1259 498 1314 consummata
520 1258 582 1326 est,
613 1254 750 1327 quisquis
773 1258 820 1313 est
841 1252 957 1312 reditus
979 1255 1054 1324 iste,
1078 1259 1107 1313 et
1130 1254 1239 1314 drach-

126 1355 245 1400 marum
274 1353 353 1414 quae
383 1356 453 1400 eam
483 1355 669 1416 praegressa
698 1344 745 1398 est
774 1339 881 1412 decas,
924 1346 953 1399 et
980 1341 1082 1399 ovium
1116 1346 1237 1401 centum

128 1441 274 1488 numerus
303 1431 376 1486 ante
406 1425 487 1485 banc
516 1431 781 1485 commemoratus.
848 1423 891 1483 De
921 1427 1047 1502 quibus,
1089 1427 1115 1484 si
1143 1426 1238 1496 lubet,

127 1529 210 1573 nnnc
241 1512 341 1571 dicere
372 1513 565 1585 omittamus,
607 1513 805 1586 opportunius
835 1513 864 1570 in
894 1511 960 1571 aliis
991 1529 1060 1571 eum
1094 1518 1239 1572 accurato

127 1598 230 1660 studio
266 1599 393 1674 mystice
427 1599 459 1657 in
494 1612 679 1671 unoquoque
714 1613 793 1672 quae
821 1598 893 1657 insit
920 1614 1064 1670 numero,
1106 1600 1133 1657 si
1161 1599 1238 1659 deus

127 1685 260 1759 dederit,
295 1685 487 1744 observaturi
515 1685 671 1744 rationem.
729 1682 761 1742 Si
783 1684 873 1760 igitur
895 1689 928 1743 ut
951 1701 1038 1745 ovem
1061 1685 1161 1745 bonus
1182 1703 1240 1763 pa-

126 1777 190 1833 stor
220 1770 356 1831 humeris
384 1771 524 1830 iniectam
554 1770 592 1829 ad
622 1777 782 1830 consortes
812 1770 967 1831 hominem
996 1773 1177 1848 reportavit,
1208 1778 1240 1832 et

126 1864 161 1917 ut
188 1856 367 1917 drachmam
398 1856 531 1934 regalem
560 1857 590 1913 in
621 1857 755 1932 imagine
783 1855 911 1933 eliiglem
946 1857 1110 1918 habentem
1142 1858 1239 1918 bomi-

128 1960 196 2005 nem
227 1947 260 2003 ut
290 1943 441 2019 sapientia
470 1942 519 2001 dei
547 1958 584 2001 ac
612 1943 705 2018 patris
735 1949 765 2002 et
787 1944 882 2001 virtus
904 1959 959 2018 per
982 1944 1238 2005 carnificatlonem

126 2029 269 2091 dominus
305 2035 335 2090 et
367 2029 502 2089 salvalor
534 2029 664 2100 invenit,
708 2035 738 2087 et
767 2035 800 2087 ut
833 2028 925 2087 lilium
959 2029 1102 2090 reducem
1137 2032 1238 2089 bonus

125 2123 155 2177 at
184 2131 306 2191 semper
336 2116 508 2175 misericors
538 2118 623 2190 pater
648 2119 804 2190 receptum
829 2115 1012 2175 caelestibus
1034 2116 1238 2191 potestatibus

123 2203 352 2277 adnumeravit,
386 2201 627 2276 uniuscuiusque
655 2201 796 2261 caelestis
825 2200 941 2261 numeri
964 2200 1083 2262 delectu
1107 2217 1159 2276 per
1181 2200 1237 2261 ho-

123 2291 240 2349 minem
280 2288 432 2349 salvatum
472 2287 629 2363 suppleto,
673 2287 865 2348 manifestum
906 2292 954 2345 est
986 2288 1065 2363 qnod
1099 2287 1236 2347 Christus

123 2376 202 2437 deus
236 2375 424 2451 superiorem
459 2374 608 2434 mundum
636 2374 813 2449 complevit,
849 2373 949 2433 divine
982 2376 1011 2434 in
1044 2379 1141 2434 semet
1167 2375 1236 2449 ipso

122 2462 190 2537 ipse
211 2468 392 2523 cunctorum
416 2460 547 2521 salutern
569 2466 723 2534 operatus.

122 2664 210 2740 Alia
234 2665 274 2738 in
301 2664 400 2739 idem
424 2667 695 2764 contemplatio.

232 2809 294 2872 Sed
317 2811 404 2873 aliter
428 2828 563 2889 quoque,
592 2815 617 2872 si
640 2814 755 2890 placet,
788 2814 868 2873 banc
891 2814 1101 2888 quaestionem
1124 2815 1238 2887 pertra-

122 2906 252 2963 ctemus.
313 2898 369 2970 Qui
403 2916 503 2959 rerum
539 2906 679 2961 accurate
711 2900 910 2975 dispexerunt
939 2904 1095 2971 naturam,
1131 2899 1238 2958 unius-

122 2988 275 3061 cuiusque
304 2992 433 3046 naturae
461 2987 562 3064 legem
591 2986 718 3046 rationis
741 2977 910 3046 secundum
934 3001 1026 3059 quam
1050 2986 1090 3044 sit
1110 2990 1140 3043 et
1163 2985 1238 3043 exti-

122 3074 188 3135 terit
226 3075 422 3132 constantem
460 3081 488 3132 et
526 3073 743 3133 immutabilem
774 3073 957 3132 soliditatem
988 3088 1058 3130 esse
1088 3075 1236 3140 statuunt,

123 3165 152 3223 et
179 3158 263 3237 legis
293 3164 421 3218 naturae
450 3159 655 3219 definitionem
686 3159 730 3218 sic
760 3160 839 3218 bene
869 3174 903 3218 se
934 3157 1064 3228 habere,
1103 3160 1138 3213 ut
1165 3153 1237 3212 mibi

123 3246 258 3320 videtur,
291 3259 384 3305 nemo
412 3246 540 3306 rationis
566 3246 718 3322 particeps
749 3246 800 3304 ubi
830 3243 960 3304 audierit
988 3257 1049 3300 non
1080 3239 1236 3300 concedet.

124 3332 211 3408 Quod
235 3332 262 3392 sl
285 3347 391 3391 verum
415 3338 479 3404 est,
511 3338 639 3407 apparet
660 3331 731 3408 lege
753 3338 881 3391 naturae
904 3329 1078 3388 necessario
1101 3331 1164 3386 tam
1188 3341 1238 3386 ra-

123 3421 235 3483 tionem
275 3422 402 3478 naturae
439 3418 588 3479 custodiri
619 3417 813 3489 inviolatam,
855 3433 946 3491 quarn
975 3416 1039 3474 eius
1068 3412 1238 3472 secundnm

122 3506 306 3583 positionem
330 3505 453 3566 omnino
474 3505 576 3565 locum
599 3507 771 3579 perservari
794 3507 994 3563 immutatum.
1053 3500 1164 3560 Verum
1188 3499 1237 3573 qui

123 3592 191 3671 lege
210 3596 243 3653 et
264 3591 384 3651 ratione
408 3597 438 3651 ei
460 3597 571 3651 natura
591 3592 745 3667 sapienter
767 3607 820 3666 per
840 3590 979 3666 singulas
997 3588 1116 3662 species
1137 3599 1237 3644 rerum

123 3678 329 3741 substantiam
353 3676 481 3752 definiit,
514 3679 540 3737 is
564 3685 674 3739 natura
698 3684 728 3738 et
749 3679 818 3754 lege
842 3682 872 3737 et
893 3675 1047 3735 intellectu
1071 3679 1100 3732 et
1122 3673 1239 3732 ratione

124 3770 153 3827 at
172 3765 244 3825 loco
267 3768 297 3824 et
320 3765 453 3823 motione
477 3766 616 3841 superior
639 3764 810 3824 secundum
834 3763 951 3822 nullum
976 3759 1158 3820 naturalium
1177 3759 1240 3834 agit

124 3852 168 3913 ele
198 3865 281 3926 quae
310 3855 437 3911 naturae
466 3852 603 3911 subiecta
627 3855 714 3917 sunt,
745 3849 798 3910 sed
821 3849 940 3908 sibimet
959 3848 1018 3922 ipsi
1039 3848 1240 3922 congruenter

124 3938 153 3999 ln
182 3938 223 3999 iis
257 3951 340 4012 quae
374 3938 534 3998 subiacent
571 3941 699 3997 naturae
740 3940 863 3997 sectans
900 3932 1172 4008 supernaturaliter
1201 3945 1239 3991 ea

126 4036 204 4101 duee
235 4022 407 4084 secundum
437 4029 577 4085 naturam
609 4029 680 4084 sunt
710 4027 739 4081 et
769 4022 840 4081 lacit
869 4026 899 4079 et
927 4021 1056 4095 patitur,
1092 4019 1237 4093 utrisque,

128 4115 186 4171 tem
216 4110 274 4171 sibi
304 4110 431 4186 patienti
455 4125 547 4186 quarn
570 4111 614 4169 eis
638 4124 717 4184 quae
740 4109 816 4168 liunt
838 4107 961 4167 mirifice
984 4103 1160 4165 custodiens
1185 4121 1241 4164 na-

129 4195 264 4257 turaliter
292 4195 449 4258 inlibatam
481 4197 695 4257 constantiam.
751 4194 795 4256 lta
823 4200 854 4253 et
883 4192 922 4252 ad
951 4209 1008 4251 nos
1036 4193 1103 4266 ipse
1134 4207 1240 4252 revera

197 4394 223 4447 2.
242 4393 339 4446 Eadem
358 4407 451 4444 manus
469 4393 582 4445 correxit
598 4386 735 4458 μυστικὸν
754 4383 789 4448 ὡς
809 4385 880 4441 θεοῦ
898 4382 1020 4445 δίδοντος
1039 4391 1098 4438 cett.
