2752 4778
223 224 296 301 368

223 434 354 484 στιισιν,
382 417 437 475 καὶ
441 407 663 518 ὁμολογῆσαι
687 407 784 479 αῦτδν
806 410 917 496 κύριον
939 417 992 478 καὶ
1016 409 1119 486 θεόν,
1152 409 1264 519 κύριον
1281 413 1318 494 μδι

223 494 266 574 ὥς
294 500 346 576 τῆς
374 495 453 562 κατά
475 502 591 584 πρᾶξιν
613 499 806 579 τελειότητος
829 504 1039 607 νομοθέτην,
1058 496 1147 562 θεόν
1172 493 1252 562 δὲ
1230 521 1270 572 ως
1287 500 1320 575 τῆς

223 581 302 650 κατὰ
332 578 387 662 τῆν
413 589 557 694 θεωρίαν
583 590 755 662 παντελοῦς
777 581 1039 694 μυσταγωγίαςι
1022 583 1221 691 υφηγῆτην.
1242 579 1321 647 'Am

223 668 285 747 θὴς
319 673 354 734 δὲ
388 669 492 753 μνήμη
527 670 595 736 ἐστὶ
629 677 692 737 τιῦν
703 677 999 834 προγεγενημένων
1023 669 1175 744 τύπωσις
1204 666 1221 749 5
1249 693 1322 755 χωρις
1354 676 1358 717 ¹

223 752 337 836 ἡδονῆς
362 762 415 821 καὶ
437 756 535 837 λύπης
547 764 629 862 περὶ
651 761 736 865 προῖξ
737 785 768 822 ιν
787 765 841 823 καὶ
864 756 999 868 λόγονέ
1001 759 1180 860 γγινομένη
1205 757 1243 846 τῇ
1261 757 1359 906 φέγρ

224 848 298 951 περὶ
326 845 387 907 τιῦν
416 842 506 908 ἰδίων
534 841 674 927 ἔργων’
656 872 672 923 η
696 844 860 950 νοημάτων
881 841 1069 953 διάγνωσις,
1107 841 1249 923 τύπους,

226 924 264 992 06
293 927 417 1012 τρήσεις
439 928 557 1013 δ’γουσα
579 935 642 995 τῶν
663 931 848 1016 τραυμάτων
870 929 922 996 διὰ
946 929 1001 1009 τῆν
1024 930 1244 1012 ἐγγενομένην
1262 924 1324 992 άπά

224 1019 319 1080 θεισν
341 1019 615 1082 συνουλωθένιων.

218 1183 318 1256 ’Άλλο
342 1184 573 1280 θεώρημα
545 1215 594 1268 εις
617 1184 659 1260 τὸ
688 1187 792 1263 αὐτό

326 1312 372 1380 'H
397 1315 494 1381 πάλιν
523 1311 594 1395 ἧλοι
622 1317 827 1427 τυγχάνουσιν
850 1320 882 1384 οἱ
904 1317 983 1384 κατά
1005 1317 1061 1397 τῆν
1086 1316 1271 1427 πρακτικῆν
1290 1343 1326 1403 φι-

224 1408 385 1506 λοσοφίαν
414 1402 530 1486 τρόποι
558 1408 619 1468 τῶν
640 1402 776 1487 άρετιῦν,
806 1408 1047 1510 προςηλωμένην
1068 1402 1173 1513 μετὰ
1180 1408 1282 1470 πόνον
1299 1407 1327 1489 τῦ

225 1495 307 1576 θείῳ
331 1487 425 1598 φόβῳ
445 1494 645 1598 κρατοῦντες
651 1495 704 1569 τῆς
724 1497 826 1575 ψυχῆς
846 1496 901 1571 τὴν
923 1490 1097 1572 διάθεσιν,
1131 1487 1191 1567 οῦς
1215 1489 1249 1556 οἱ
1266 1487 1327 1554 άπι

225 1581 298 1650 θείς
325 1581 379 1639 καί
407 1571 510 1640 διπλοῖ
529 1581 582 1642 καὶ
599 1572 737 1686 δι’ρρητοι
759 1581 811 1655 τῆς
832 1576 976 1661 γνώσεως
998 1577 1235 1660 διαδεξάμενοι
1257 1575 1326 1658 λόγοι

227 1659 419 1769 διαπρύσιον
444 1665 548 1745 βοῶσι
576 1661 630 1741 τῆν
652 1663 730 1728 κατὰ
753 1661 806 1742 τὴν
829 1669 950 1730 θέωσιν
970 1667 1025 1742 τῆς
1046 1668 1158 1746 ψυχῆς
1179 1665 1326 1748 γενομένη
1353 1668 1364 1763 ’ρ

227 1742 304 1836 αῦτη
327 1750 385 1812 τοῦ
406 1751 500 1813 θείου
522 1746 660 1831 λόγον’
641 1749 832 1829 ανάστασιν,
865 1754 986 1826 πιστάς
1006 1754 1247 1858 μαρτυροῦσαν
1268 1773 1326 1833 προ·

227 1813 400 1909 δεικνύντες
426 1838 478 1912 τῆς
507 1838 674 1911 θεοειδοῦς
703 1834 853 1913 ἕξεως
818 1863 872 1915 την
894 1833 1074 1901 ἀπάθειαν·
1117 1834 1155 1915 ἣν
1180 1832 1200 1901 6
1223 1835 1265 1918 μη
1286 1859 1325 1899 τι

227 1916 300 1983 θιδν
335 1915 406 1985 οὔδ’
440 1917 527 2008 ἄλλῳ
562 1926 640 1987 ποτέ
669 1919 876 2010 ἀφηγουμένῳ
904 1928 988 2031 περὶ
1006 1917 1105 2001 αῦτῆς
1136 1920 1326 1995 πιστεύσειεν,

228 2004 331 2111 ιδ’ςπερ
355 2000 429 2071 οῦδὲ
447 2008 565 2090 Θωμᾶς
589 2007 702 2088 ταύτην
722 2013 870 2074 παθοῦσι
893 2005 946 2089 την
969 2004 1151 2074 διάστασιν
1176 2019 1249 2085 τοίς
1268 2004 1326 2072 άπν

227 2091 357 2169 στόλοις
378 2091 441 2178 πρδ
465 2097 518 2172 τῆς
540 2093 592 2158 διδ
609 2099 666 2160 τοῦ
685 2101 804 2162 παθείν
822 2102 934 2182 πείρας
953 2094 1124 2162 ἐπίστευσε
1144 2099 1298 2179 λέγουσιν

68 2311 119 2351 ,η
127 2312 203 2350 γης.
217 2265 373 2350 ,Ἕκτοῦ
397 2262 514 2337 αὐτοῦ
536 2259 670 2364 λόγου,
698 2264 822 2352 ελςτδ,
843 2261 1228 2362 Ἀνελςᾷδοοκατύῃ,
1256 2293 1326 2363 συγ

67 2357 158 2412 ’Μαι

76 2426 146 2453 ⁰..

89 2426 108 2453 2
218 2443 223 2453 ,
281 2366 454 2461 κάτηλθε.
508 2369 639 2440 Γνῶθι
672 2367 734 2439 καὶ
762 2366 808 2440 τὰ
834 2370 907 2440 ἐκεῖ
931 2373 999 2440 τοῦ
1023 2369 1121 2440 θεοῦ
1144 2369 1327 2465 ιιυστήριι,

129 2476 184 2503 ιιι.
283 2469 338 2553 563
362 2467 382 2543 ὃ
405 2468 512 2568 λόγος
535 2477 598 2564 τῆς
622 2469 751 2565 διπλῆς
774 2467 1028 2566 καταβάσεως.

332 2596 598 2706 Οπνενμιιτιιιδς
619 2597 798 2711 ἄνθρωπος
815 2604 980 2708 πανταχοῦ
996 2598 1164 2683 γινώσκων
1185 2601 1328 2714 ρῖχράντιρς

232 2687 386 2800 ῦπρὶργειν
406 2683 461 2751 τόν
484 2689 540 2751 τοῦ
561 2690 642 2752 θεοῦ
662 2685 798 2794 λόγον“
783 2712 889 2751 επεται
913 2684 965 2750 διδ
989 2691 1136 2791 θεωρίας
1158 2687 1264 2778 αύτῳ,
1291 2692 1328 2766 τῆς

186 2823 188 2826 ψ
232 2775 285 2838 ἐπὶ
307 2771 410 2837 πάντα
431 2780 587 2884 προνοίας
604 2769 683 2856 μετά
700 2777 854 2848 συνέσεως
871 2771 924 2851 την
942 2770 1120 2856 ἐπιστήμην
1130 2755 1329 2884 δρεπόμενοι

230 2859 320 2925 Ούτω
349 2863 403 2922 καὶ
431 2858 477 2933 εἷς
504 2857 583 2945 άδου
612 2864 832 2970 ’κατεργομένω
860 2885 903 2947 τῳ
890 2857 1010 2946 λόγῳ
1034 2859 1260 2944 σογκάτεισιν,
1287 2857 1328 2928 ούι

234 2944 287 3010 ἐπὶ
316 2949 403 3031 κακῷ
434 2947 546 3028 δῆλον,
575 2941 685 3010 άλλ”
672 2952 725 3010 επὶ
747 2971 790 3033 τῳ
776 2922 1001 3031 ’έρευνῆσαι
1002 2951 1057 3010 καὶ
1078 2952 1214 3029 μαθειν
1228 2947 1265 3014 τό
1283 2975 1329 3035 μν-
1357 2916 1363 3001 λ

233 3029 365 3117 στηριον
399 3034 453 3111 τῆς
485 3030 531 3108 εἷς
559 3028 615 3097 τόν
642 3031 719 3118 ιιδην
747 3035 805 3097 τοῦ
831 3035 913 3096 θεοῦ
941 3028 1164 3140 καταβάσεως,
1204 3039 1259 3101 καὶ
1283 3037 1330 3099 τόν

233 3119 335 3186 ἔνείσε
355 3120 529 3203 γινομένων
550 3143 582 3184 τε
604 3124 657 3184 καὶ
680 3116 982 3203 ἐπιτελουμένων
947 3143 1003 3184 τον
1023 3113 1176 3204 ῦπερφνῦι
1194 3122 1331 3207 διδαχθῆ-

232 3234 285 3273 ναι
305 3204 412 3290 λόγον.

71 3413 119 3454 ιιι.
135 3381 330 3454 ιιωιἌλλο
353 3371 535 3475 θεώρημα
560 3378 610 3456 είς
631 3372 673 3445 ιδ
698 3369 802 3447 αὐτό.

335 3508 381 3574 Ἦ
398 3507 510 3589 πάλιν,
533 3504 639 3585 ἐπειδη
662 3505 737 3590 άδης
760 3505 827 3572 ἐστὶ
848 3509 936 3571 πάσα
952 3502 1112 3591 ἁμαρτία,
1126 3507 1278 3620 ζοφερὰν
1292 3510 1331 3574 ιιδ
1363 3470 1370 3595 5

235 3596 324 3677 ύειδῆ
352 3602 405 3663 καὶ
434 3597 670 3704 διεφθαρμένην
698 3592 751 3671 τὴν
779 3588 829 3654 65³
854 3589 947 3671 αὐτῆς
968 3596 1191 3676 κρατουμένην
1214 3593 1370 3706 ἀπεργα-

236 3688 346 3790 ζομένγ
369 3680 490 3768 φυγῆν,
515 3708 531 3746 ο
550 3706 623 3762 περι
646 3681 763 3744 παθιῦν
785 3677 1060 3786 διαλεγόμενος’
1031 3702 1078 3753 εις
1101 3679 1185 3766 ἅδην
1208 3687 1330 3747 κατίοιτι
1362 3646 1370 3795 5

235 3798 278 3859 τῳ
265 3769 387 3856 λόγῳ
409 3773 461 3847 τῆς
483 3771 690 3841 διδασκαλίας
711 3764 909 3847 συγκάτεισι,
930 3763 984 3843 τῆν
1006 3760 1057 3848 ῦφύ
1080 3765 1236 3878 εκάστης
1240 3771 1330 3836 ιιιιιιίνί

237 3796 492 3966 νεκρωθεῖσαν
473 3853 584 3938 αρετῆν
607 3850 659 3916 διδ
682 3855 739 3915 τοῦ
760 3850 857 3958 λόγου
881 3853 1046 3929 ζωοποιοῦν
1067 3857 1126 3917 καὶ
1147 3853 1198 3929 εἷς
1215 3852 1330 3920 ἀνάστα-

236 3970 288 4010 σιν
310 3940 411 4028 άγων,
432 3946 487 4007 καὶ
510 3939 549 4008 τά
571 3937 668 4022 δεσμά
693 3943 746 4017 τῆς
767 3933 874 4017 δλικῆς
895 3942 1121 4047 προςπαθείας
1142 3943 1209 4005 τιῦν
1231 3941 1330 4040 φυγάν,

236 4026 391 4134 άνδρικρῦς
419 4032 463 4092 τιῦ
491 4022 577 4131 λόγῳ
605 4019 876 4132 συνδιαῤῥήσσων.
942 4021 1055 4106 Λόγος
1085 4028 1123 4090 δε
1151 4030 1209 4106 τῆς
1239 4026 1330 4100 διπλῆς

236 4093 453 4199 καταβάσεως
469 4110 549 4178 κατὰ
580 4109 635 4177 τόν
662 4109 837 4220 πρόχειρον
869 4113 943 4176 νοῦν
970 4108 1054 4192 ἐστι,
1094 4109 1182 4197 πρδς
1210 4117 1268 4196 μέν
1290 4107 1329 4186 τόν
1368 4174 1370 4179 ,

232 4200 362 4314 πρωτην
390 4199 557 4310 ἐπιβολὴν,
586 4196 622 4261 τδ
652 4203 706 4262 καὶ
729 4195 808 4280 μετά
834 4193 988 4306 σωμάτων
1013 4198 1125 4302 φυγάς
1153 4197 1265 4278 σώζειν
1288 4192 1326 4261 διδ
1368 4260 1370 4265 ,

236 4295 373 4365 πίστεως
399 4292 453 4353 καὶ
481 4282 603 4395 άγωγῦς
628 4289 702 4366 βίον
723 4280 929 4389 καθαράς,
916 4289 969 4346 επὶ
991 4287 1044 4362 τῆς
1064 4287 1141 4367 γῆς,
1174 4293 1232 4351 κοιλ
1250 4285 1327 4387 χωρὶς

239 4374 391 4460 σωμάτων
419 4373 466 4449 είς
486 4371 543 4439 τδν
565 4370 642 4458 ᾅδην
664 4366 862 4436 κατελθόντα
882 4367 937 4434 τόν
959 4368 1060 4453 λόγον
1082 4368 1140 4447 τὰς
1160 4369 1314 4440 655555'
1280 4390 1326 4435 τινι
