2752 4778
1080 180 1084 186 ’
1171 185 1242 259 883

138 389 193 449 pro
217 372 306 432 nobis
327 370 358 430 in
383 369 577 447 adoptionem
599 371 801 446 spiritualem,
826 371 1030 432 essentialiter
1049 371 1125 432 deus
1145 377 1175 432 et
1196 371 1245 432 dei

139 459 309 517 secundum
333 463 474 517 naturam
497 457 593 525 iilius,
621 462 655 516 ut
678 458 842 519 infirmaret
864 459 1052 534 corporalem
1074 459 1246 536 generatio-

139 561 220 604 nem.
257 545 331 604 Cum
351 544 441 622 igitur
459 545 585 616 quinos
605 543 688 617 fecit,
713 545 823 619 quique
843 544 929 605 solus
949 544 1027 604 Patri
1046 561 1114 604 oum
1135 542 1247 621 Spiritu

139 647 194 707 par
217 637 264 690 est
287 636 317 690 et
339 629 452 690 deitate
475 634 504 688 et
526 629 622 705 gloria
641 626 732 689 Filius
750 639 780 689 et
798 628 919 701 Sermo,
949 637 1071 707 propter
1089 647 1145 689 nos
1165 630 1246 705 apud

139 734 198 777 nos
218 732 255 775 ex
274 717 362 776 nobis
378 732 450 776 vere
465 716 557 775 homo
577 715 618 788 lit,
641 721 671 775 el
689 717 884 792 corporaliter
901 719 1037 778 nascitur
1055 717 1121 776 sine
1137 732 1248 794 pecca·

139 809 187 878 to,
211 809 241 864 at
258 804 487 879 generationem
505 801 543 861 de
560 803 709 878 baptismo
727 804 758 861 in
777 804 971 880 adoptionem
990 802 1177 880 spiritualem
1193 818 1247 878 pro

139 891 229 950 nobis
257 889 450 949 subeundam
479 890 613 964 suscepit
641 889 818 950 naturaliter
845 891 938 963 deus,
968 926 1010 936 —
1037 890 1149 949 idcirco
1178 905 1247 949 cum

139 978 367 1048 incarnatione,
396 979 430 1035 ut
458 974 531 1035 mibi
560 975 694 1050 videtur,
726 978 873 1054 magister
901 977 1056 1037 coniunxit
1078 977 1250 1054 generatio·

141 1079 211 1122 nem
235 1080 274 1122 ex
296 1064 465 1138 baptismo,
496 1067 530 1120 ut
552 1061 610 1122 hoc
630 1062 830 1123 infirmandae
852 1063 1083 1138 expiandaeque
1106 1076 1249 1136 corpora-

138 1150 177 1208 lis
208 1151 414 1226 generationis
443 1149 542 1224 gratia
570 1148 683 1209 iactum
707 1165 777 1208 esse
799 1150 1014 1226 interpreteris.
1068 1148 1145 1208 Nam
1169 1146 1250 1222 quod

138 1235 241 1296 Adam
277 1236 519 1317 (generationem
561 1235 747 1310 spiritualem
786 1237 817 1295 in
853 1236 1072 1297 deificationem
1108 1231 1249 1311 inquam)

139 1326 254 1398 sponte
276 1323 427 1396 deseruit,
450 1328 485 1382 ut
507 1321 655 1396 corporali
675 1322 705 1381 in
727 1323 882 1383 interitum
904 1324 1101 1400 generatione
1123 1321 1251 1380 damna-

138 1414 241 1484 retur,
277 1408 337 1469 hoc
372 1413 480 1484 sponte
516 1424 589 1482 sua,
625 1415 659 1468 ut
685 1410 785 1468 bonus
815 1415 845 1469 ει
872 1409 1029 1470 hominum
1059 1424 1183 1482 amans,
1218 1407 1248 1464 in

140 1502 250 1555 nostro
280 1496 371 1572 lapsu
401 1495 493 1555 bomo
522 1495 638 1567 iactus,
668 1511 763 1571 seque
794 1496 893 1571 ipsum
923 1512 992 1556 cum
1021 1496 1110 1554 nobis
1139 1493 1251 1568 pariter

128 1579 368 1657 'condemnans
405 1583 453 1655 qui
481 1581 567 1641 solus
596 1582 672 1641 liber
694 1588 725 1642 et
747 1583 813 1642 sine
835 1587 977 1660 peccato,
1009 1588 1038 1641 et
1060 1579 1249 1656 corporalem

138 1671 372 1747 generationem
403 1667 591 1736 subeundam
623 1670 810 1744 suscipiens,
839 1671 869 1728 in
899 1685 960 1745 qua
989 1666 1250 1728 condemnationis

139 1760 270 1815 nostrae
298 1755 400 1815 adhuc
430 1756 475 1813 vis
497 1755 628 1829 inesset,
659 1755 848 1831 spiritualem
873 1757 1000 1832 mystice
1022 1755 1249 1832 generationem

137 1842 311 1917 reparavit,
346 1846 438 1914 atque
468 1840 575 1899 solutis
605 1844 812 1917 generationis
841 1843 1005 1918 corporalis
1033 1857 1088 1916 pro
1110 1841 1197 1899 nobis
1220 1840 1250 1896 io

139 1929 311 2003 semetipso
348 1927 476 1987 vinculis
513 1944 568 2003 per
604 1929 792 2002 spiritualem
828 1929 993 1988 voluntatis
1024 1927 1250 2005 generationem
1279 1928 1282 1934 '

137 2016 250 2088 nobis,
282 2016 332 2089 qui
360 2013 510 2073 credimus
537 2015 567 2071 in
591 2014 657 2073 eius
680 2031 807 2087 nomen,
838 2019 1021 2090 potestatem
1044 2012 1126 2073 dedit
1147 2016 1182 2070 ut
1203 2010 1250 2069 dei

138 2102 195 2160 filii
219 2115 272 2176 pro
295 2101 396 2160 carnis
419 2116 456 2159 ac
479 2100 639 2176 sanguinis
662 2101 814 2161 fieremus.
859 2100 1030 2160 lnoarnatio
1052 2099 1144 2176 igitur
1161 2105 1251 2170 atque

140 2187 310 2263 corporalis
333 2188 416 2261 prius
438 2191 559 2263 propter
580 2202 679 2246 meam
702 2187 928 2248 damnationem
950 2189 980 2245 in
1001 2186 1124 2245 domino
1145 2187 1251 2242 secula

141 2280 194 2334 εει
227 2274 397 2350 generatio,
428 2278 457 2332 et
484 2274 527 2331 sic
556 2287 636 2347 quae
655 2273 770 2347 reliqua
793 2278 857 2332 erat
878 2290 933 2349 per
955 2274 1140 2349 baptismum
1163 2271 1252 2345 spiri-

140 2360 240 2422 tualis
262 2361 402 2420 insecuta
424 2365 470 2419 est
494 2361 664 2436 generatio,
698 2376 753 2436 pro
776 2359 876 2419 salute
898 2376 967 2419 mea
991 2359 1159 2419 secundum
1183 2371 1252 2433 gra-

140 2450 219 2508 tiam
238 2452 268 2506 et
283 2447 486 2521 revocatione,
509 2449 575 2518 aut,
598 2452 632 2506 ut
649 2448 747 2522 magis
766 2448 925 2522 perspicue
943 2447 1059 2520 dicam,
1083 2443 1252 2516 refictione3

142 2549 209 2608 qua
237 2533 315 2592 deus
346 2533 426 2592 circa
456 2548 504 2592 me
533 2532 657 2607 copulat
686 2534 867 2592 existentiae
897 2548 984 2592 meae
1013 2538 1043 2592 et
1068 2532 1166 2590 bonae
1188 2531 1253 2587 exi·

142 2621 278 2680 stantiae
305 2620 454 2692 rationes,
491 2623 521 2678 et
549 2634 616 2678 eam
645 2634 724 2692 quae
747 2635 766 2679 a
787 2637 836 2679 me
857 2619 938 2679 iacta
959 2624 1024 2679 erat
1045 2618 1155 2677 harum
1177 2616 1254 2675 divi-

142 2709 266 2766 sionem
296 2711 389 2780 atque
417 2704 592 2765 distantiam
622 2705 789 2780 contrabit,
823 2721 938 2782 perque
959 2706 1038 2766 haec
1060 2703 1098 2763 ad
1122 2703 1253 2762 existen-

143 2795 208 2853 tiae
238 2796 381 2852 aeternae
410 2793 558 2851 rationem
590 2793 744 2867 sapienter
766 2793 936 2872 compellit,
971 2790 1137 2852 secundum
1162 2804 1252 2864 quam

143 2895 247 2953 neque
269 2881 389 2954 parient
411 2878 542 2952 amplius
565 2877 707 2938 homines
730 2894 829 2954 neque
851 2881 1021 2954 pacientur,
1056 2893 1122 2937 cum
1147 2892 1252 2936 eorum

143 2981 228 3042 quae
256 2965 394 3025 videntur
423 2965 498 3024 ordo
527 2965 659 3038 pariendi
689 2966 780 3025 linem
809 2966 941 3042 attigerit
970 2981 1023 3040 per
1051 2979 1194 3040 magnam
1225 2966 1254 3020 el

144 3049 341 3113 communem
371 3052 641 3125 resurrectionem,
680 3068 758 3126 quae
786 3052 816 3109 in
845 3051 1100 3111 immortalitatem
1130 3053 1254 3126 generet

144 3139 303 3199 bominem
333 3138 502 3198 secundum
533 3138 761 3197 subsistentiam
790 3137 1023 3212 immutabilem,
1064 3151 1124 3210 qua
1154 3149 1253 3193 rerum

143 3224 308 3285 visibilium
343 3231 453 3285 natura
480 3224 673 3284 existentiam
703 3226 781 3300 cepit
808 3223 1001 3300 originalem,
1038 3226 1069 3281 et
1096 3237 1165 3281 oum
1194 3234 1254 3294 qua

144 3313 353 3389 pergratiam
375 3312 546 3386 impetrabit
567 3311 641 3371 illud
665 3317 698 3372 ut
720 3311 922 3372 essentialiter
941 3326 1001 3369 non
1020 3310 1160 3368 intereat.
1193 3304 1254 3364 Sed

145 3400 175 3458 si
205 3397 321 3473 placet,
352 3414 457 3458 eorum
486 3412 564 3472 quae
586 3397 807 3473 disputavimus
830 3397 913 3458 brevi
937 3396 1016 3456 facta
1037 3408 1256 3455 commemora·

144 3487 232 3545 tione
260 3484 360 3559 capita
381 3484 561 3544 recolamus.
617 3484 769 3545 Habemus
793 3483 979 3558 corporalem
1002 3483 1098 3540 nostri
1121 3477 1256 3539 salvato-

146 3572 192 3631 ris
221 3571 448 3647 generationem
478 3572 659 3648 cogitatione
689 3571 817 3630 divisam
847 3572 877 3629 in
906 3567 1103 3646 principalem
1126 3572 1254 3625 naturae

146 3658 298 3718 rationem
326 3662 357 3716 et
384 3658 414 3715 in
444 3673 511 3717 eam
542 3672 621 3730 quae
643 3673 724 3716 nunc
746 3673 853 3716 rursus
875 3673 971 3732 penes
993 3669 1050 3713 nos
1073 3653 1191 3726 existit,
1224 3653 1254 3709 in

147 3761 242 3819 quam
266 3749 314 3803 est
334 3748 486 3815 mortuus,
511 3747 542 3802 et
563 3759 671 3803 rursus
693 3743 821 3802 divisam
842 3743 872 3801 in
895 3741 1065 3803 naturalem
1085 3738 1256 3818 generatio-

147 3833 198 3891 nis
226 3831 374 3890 ratiooem
405 3836 435 3889 et
463 3830 492 3887 in
521 3830 726 3906 generationis
755 3827 895 3898 modum,
925 3834 1081 3905 praeterea
1110 3827 1201 3885 etiam
1224 3825 1254 3882 in

147 3919 289 3979 diversos
318 3916 424 3975 modos
455 3916 628 3976 essentialis
651 3917 775 3993 originis
797 3915 908 3975 mentis
930 3920 1022 3988 alque
1043 3913 1196 3988 corporis,
1226 3915 1256 3969 et

147 4008 181 4065 in
212 4004 439 4078 conceptionem
471 4002 602 4077 denique
632 4002 698 4061 sine
726 4002 845 4061 satione
874 4006 903 4060 ει
931 4001 1159 4078 generationem
1188 3998 1255 4055 sine

147 4090 281 4150 interitu.
328 4088 422 4149 Penes
445 4105 502 4147 vos
525 4095 572 4149 est
592 4089 700 4166 igitur,
729 4093 764 4147 ut
784 4103 882 4163 penes
903 4100 1018 4161 aequos
1040 4085 1173 4154 iudices,
1202 4099 1256 4142 ex-

146 4176 320 4255 positarum
339 4176 517 4250 opinionum
535 4191 612 4251 quae
631 4176 735 4238 inelior
753 4175 792 4234 sit
808 4179 911 4234 vestra
928 4187 1058 4235 censura
1074 4173 1211 4248 probare.
