2752 4778
1139 177 1187 254 tt

194 363 251 424 llon
281 365 311 425 ld
341 366 442 440 ipsum
477 362 605 438 ,deripi‘
640 359 720 436 quod
751 367 798 422 est
827 360 988 434 ,detineri‘
1016 364 1113 423 visum
1143 371 1189 426 est

114 437 177 511 bato
202 451 269 512 lrnio
299 451 381 528 rir03
416 464 515 525 neque
538 449 582 507 sic
605 447 775 520 arbitreris,
804 447 1034 522 probatissime,
1069 450 1188 524 siquid

114 527 148 596 itt
168 537 331 617 intelligere
360 537 456 612 ipsius
487 534 735 610 magnanimitate
768 532 891 609 dignum
922 531 1116 594 sollicitudini
1139 537 1186 598 sit.

114 634 157 683 am
187 624 359 700 superfluus
391 622 491 682 verbis
514 627 544 680 et
566 619 752 680 intellectum
776 634 935 679 sermones
959 621 1189 695 snpereminen-

114 724 143 769 rn
169 725 230 770 uon
260 710 382 771 habens
411 707 671 779 manifestaretur,
702 707 727 764 si
759 721 818 764 non
849 705 930 765 omni
960 705 1022 766 fere
1052 707 1189 783 syllabae

113 800 240 857 toeutern
262 797 402 857 inserens
424 794 559 854 notitiam
583 791 622 852 ad
644 791 847 870 pulcherrima
868 797 898 850 ει
919 791 1006 851 utilia
1023 800 1192 868 sequentes¹

113 881 219 943 rccndo
248 882 311 943 ullo
342 881 432 942 modo
460 877 649 955 disceptandi
674 878 899 953 relinqueretur.
956 877 1019 938 Non
1044 880 1088 939 sie
1110 881 1189 942 baec

118 970 195 1030 bont
226 985 261 1030 se
290 969 398 1046 longe,
426 965 480 1027 sed
506 974 536 1027 et
557 962 721 1024 intellectui
745 980 918 1024 sermonem
942 967 1094 1041 sapienter
1117 984 1189 1028 con·

113 1059 227 1124 luunt,
262 1060 292 1116 et
322 1069 495 1114 sermonem
524 1051 680 1112 excelsum
705 1051 847 1111 excelsus
872 1053 1080 1126 supereminet
1101 1054 1189 1114 intel·

113 1147 192 1214 nus,
229 1148 264 1202 ut
286 1140 429 1200 excelsus
453 1139 576 1200 excelso
601 1139 813 1212 annuntietur,
843 1141 873 1196 et
897 1138 1029 1197 veritatis
1052 1140 1189 1215 aliquan·

114 1243 173 1288 nrn
204 1243 245 1285 ex
268 1228 417 1286 ambobus
440 1228 558 1285 interim
583 1225 700 1295 mullis,
735 1225 899 1285 autetiam
923 1225 1078 1295 omnibuS,
1108 1227 1188 1286 invia

112 1312 260 1392 ignitudo
296 1312 484 1373 ostendatur.
541 1311 577 1369 ιιι
611 1326 683 1370 nero
713 1310 875 1370 manifesta
905 1311 991 1369 nobis
1022 1312 1060 1370 sit
1089 1314 1188 1372 omnis

112 1417 183 1462 rum
217 1414 295 1474 quae
326 1398 407 1460 dicta
435 1403 506 1459 sunt
534 1398 722 1468 obscuritas,
758 1399 826 1472 ipsa
855 1401 887 1456 ut
916 1412 950 1455 se
973 1396 1086 1457 habent
1109 1401 1187 1460 beati

112 1484 343 1546 nsiderablrnus
361 1487 467 1557 verba,
501 1483 616 1558 ,Porco‘
638 1484 748 1558 inquit,
773 1489 807 1543 ut
829 1485 1051 1558 ,cooperatori‚
1075 1489 1104 1545 et
1127 1502 1187 1546 non

115 1575 180 1633 beo
217 1587 277 1646 quo
305 1569 419 1649 fugiam
449 1575 683 1646 superventum,
724 1575 776 1629 ant
806 1569 959 1643 quomodo
992 1586 1051 1629 non
1083 1587 1100 1630 a
1131 1572 1189 1632 deo

111 1659 206 1732 dam,
237 1664 385 1734 gravatus
407 1658 510 1732 pneris
533 1656 749 1731 deripientibus
773 1662 825 1715 aut
848 1655 1053 1715 detinentibus
1076 1659 1105 1716 in
1128 1664 1189 1718 ter·

111 1750 168 1806 m.‘
214 1742 296 1804 ilaec
319 1744 425 1804 diceus
448 1760 507 1803 non
531 1743 569 1804 de
587 1759 621 1801 se
640 1744 706 1818 ipso
725 1743 864 1814 omnino,
890 1742 943 1802 sed
962 1759 1016 1818 per
1035 1759 1069 1802 se
1088 1745 1189 1820 ipsum

111 1876 113 1883 .
145 1832 302 1890 communi
326 1830 515 1890 humanitate
537 1831 686 1904 disputat,
721 1829 827 1886 videns
851 1830 920 1903 quia
943 1831 1041 1888 omnis
1065 1831 1114 1904 qui
1139 1847 1188 1892 sa·

111 1922 172 1978 lem
205 1922 289 1976 amat
318 1920 370 1977 aut
399 1917 508 1976 actioni
538 1917 658 1990 penitus
690 1921 741 1974 ant
771 1915 1015 1990 contemplationi
1050 1917 1187 1978 attendit.

111 2018 206 2078 nsque
236 2004 316 2062 enirn
345 2003 454 2063 virtute
483 2008 512 2060 et
541 2003 667 2061 scientia
697 2001 800 2061 nullus
826 2001 888 2060 ullo
913 2002 1001 2060 nrodo
1025 2002 1188 2076 aliquando

114 2089 230 2163 nscqui
259 2087 391 2148 salutern
418 2090 524 2165 potnit.
577 2087 608 2146 Si
638 2105 712 2165 ergo
735 2103 790 2162 per
811 2086 1112 2162 contemplationem,
1143 2091 1189 2147 in-

110 2177 161 2246 dt,
192 2173 408 2234 collocatorum
431 2173 489 2254 deo
512 2181 541 2234 ct
565 2176 654 2234 beata
677 2173 900 2248 pulchritudine
923 2174 1084 2233 fruentium
1108 2191 1187 2235 unus

110 2261 267 2321 »nstitutus
296 2277 381 2331 sum,
411 2275 517 2335 pacem
548 2259 666 2320 habens
695 2262 724 2318 in
754 2260 893 2319 omnibus
924 2265 953 2318 et
975 2261 1189 2320 sanctificatio-

110 2365 168 2418 rm,
199 2347 309 2423 quippe
338 2347 507 2423 meipsum
533 2346 689 2422 applicans
713 2345 770 2405 deo
792 2345 987 2421 inseparabili
1010 2363 1062 2422 per
1085 2349 1188 2424 cogni·
1281 2420 1283 2427 Α

110 2449 192 2494 »nem
222 2432 434 2504 similitudine,
470 2432 690 2492 irrationabiles
722 2433 846 2491 virtutes
876 2433 995 2492 animae
1026 2433 1188 2510 cogitando

109 2524 241 2592 menter,
277 2524 307 2578 ει
336 2519 429 2579 menti
458 2535 511 2594 per·
533 2520 678 2579 rationem
704 2517 884 2578 adducendo
907 2523 936 2578 ει
958 2519 1122 2579 familiares
1145 2521 1196 2579 fa-·

109 2606 206 2676 endo,
242 2605 373 2665 furorem
411 2604 478 2664 dico
517 2611 547 2664 et
578 2607 871 2680 concupiscentiam,
910 2621 978 2664 eum
1009 2606 1129 2681 quidem
1158 2608 1187 2665 in

109 2693 254 2766 rritatem,
293 2706 361 2751 eam
394 2707 465 2751 vero
496 2693 525 2750 in
555 2692 702 2769 gaudium
732 2699 869 2765 mutans,
905 2691 1055 2767 siquidem
1085 2693 1188 2770 gaudii

109 2779 234 2855 'oprinrn
263 2782 311 2836 est
334 2776 472 2838 exultare
495 2777 639 2838 divinitus
664 2784 693 2837 et
716 2778 837 2847 laetari,
868 2779 947 2837 sieut
969 2780 1189 2854 praeexultavit

109 2882 114 2923 ι
148 2869 246 2922 mairo
275 2863 407 2926 loannes
438 2880 568 2942 magnus
598 2865 735 2923 veritatis
762 2879 943 2938 praecursor
973 2871 1002 2924 et
1032 2868 1188 2942 praedica-

109 2966 140 3026 r;
178 2953 232 3008 aut
253 2950 348 3022 sicut,
379 2948 449 3009 duur
474 2951 632 3024 quiescere
653 2951 723 3011 fecit
745 2965 846 3010 arcam
860 2950 982 3026 ,lsrael
1007 2969 1060 3011 rex
1085 2952 1187 3012 David.

140 3039 239 3095 matre
267 3036 346 3096 enirn
381 3036 449 3114 (etsi
474 3035 601 3096 difficilis
626 3037 716 3107 ratio,
747 3037 859 3112 quippe
882 3038 963 3097 invia
986 3039 1101 3114 multis,
1134 3039 1187 3098 sed

109 3137 182 3183 men
206 3120 292 3198 vcra)
313 3126 345 3182 ει
360 3137 424 3181 uos
447 3127 477 3180 et
500 3123 578 3181 dens
602 3123 726 3182 verbnm
752 3139 875 3193 surnns,
911 3124 958 3197 qni
983 3124 1188 3184 univcrsitatis

108 3215 124 3268 t
155 3207 254 3268 factor
282 3212 313 3266 et
341 3206 500 3288 dominns;
536 3209 585 3283 qui
613 3209 732 3283 quidem
756 3210 785 3266 iu
811 3209 980 3284 praesentis
1004 3212 1084 3270 vitae
1107 3215 1188 3270 statu

108 3293 197 3355 multe
218 3292 312 3353 veluti
335 3295 364 3352 in
389 3299 501 3367 matre,
526 3302 557 3355 et
581 3295 628 3353 vix
653 3295 804 3356 sensibilis
828 3289 899 3354 huie
919 3295 1034 3357 mundo
1052 3301 1187 3372 apparet,

128 3380 207 3448 boc,
237 3378 286 3439 his
309 3380 360 3454 qui
385 3387 456 3440 sunt
479 3380 646 3441 secundnm
669 3381 814 3440 loannem
837 3383 866 3439 in
892 3383 1013 3457 spiritu3
1048 3382 1188 3442 homines

107 3483 152 3528 tro
184 3465 276 3525 veluti
306 3481 344 3526 err
377 3470 488 3540 matre,
521 3467 668 3527 materiali
699 3467 837 3528 videlicet
860 3469 1101 3539 circumstantia,
1132 3470 1187 3528 etsi

108 3554 229 3628 ntisper
254 3552 285 3609 ln
314 3550 363 3610 bis
394 3566 472 3626 quae
496 3560 568 3612 sunt
590 3549 741 3614 occultum
763 3555 950 3630 perspiciunt
973 3557 1107 3615 verbum.
1152 3555 1189 3614 Et

107 3637 191 3699 boc
213 3636 354 3698 fortassis
378 3638 439 3697 sint
462 3639 510 3713 qni
535 3640 656 3714 gaudiis
680 3639 802 3700 loannis
824 3638 991 3715 laetantnr3
1023 3642 1061 3701 ad
1083 3639 1188 3701 inefla-

107 3723 167 3783 lenr
198 3738 330 3799 namque
358 3723 448 3784 futuri
478 3725 592 3784 sacculi
623 3726 750 3803 gloriam
781 3731 811 3785 et
838 3727 1022 3801 claritatem,
1054 3732 1084 3787 et
1109 3727 1188 3786 vitae

107 3825 158 3870 rae
186 3810 216 3867 iu
245 3810 314 3885 ipso
343 3815 390 3869 est
419 3812 635 3886 proprietatem
665 3809 728 3871 ’nil
752 3815 856 3872 matris
879 3813 972 3872 distat
994 3812 1103 3874 indicio
1126 3812 1189 3873 lae·

106 3895 169 3954 ntis
198 3900 375 3971 comparata
406 3910 554 3971 praesens
585 3899 663 3972 vila,
696 3900 724 3957 in
748 3914 809 3973 qua
832 3904 954 3975 propter
977 3915 1033 3958 nos
1056 3899 1188 3960 infantes

106 3981 222 4040 nisibus
251 3981 346 4051 deus,
382 3983 431 4055 qui
454 3989 503 4044 est
524 3985 650 4043 verbum
674 3984 838 4060 perlectum
862 3992 892 4045 ει
914 3985 983 4060 plus
1007 4000 1096 4060 quam
1120 4002 1189 4062 per-

107 4071 206 4138 etum,
230 4071 263 4127 nt
285 4067 475 4138 misericors,
505 4068 604 4129 infans
628 4069 727 4130 lectus
750 4076 806 4129 est.
851 4069 882 4130 Si
898 4087 995 4151 ergo,
1020 4079 1053 4133 nt
1074 4072 1187 4132 dictum

106 4157 140 4223 rt,
170 4152 240 4212 talis
269 4154 337 4228 quis
368 4171 452 4227 sum,
483 4156 618 4230 possibili
650 4157 823 4217 bominibus
849 4157 1018 4218 secundum
1043 4174 1188 4235 praesen-

146 4355 171 4405 2.
191 4354 270 4404 Verte
287 4354 363 4406 atta
383 4367 403 4405 n
420 4357 514 4408 matre
531 4357 661 4409 tenebris
679 4358 826 4409 obvoluto.
858 4356 953 4420 (Gale.)
1032 4382 1036 4386 -
