2752 4778
245 230 318 305 654

239 418 396 524 μέλλοντα
418 423 586 523 προτυποῖ.
643 418 738 497 Τρεῖς
758 413 818 498 γὰρ
840 413 937 478 τόποι
959 419 1012 479 καὶ
1037 415 1265 489 καταστάσεις
1285 416 1346 482 66
1368 479 1374 485 .

240 493 342 565 ἐν
304 524 353 575 οις
382 498 416 564 οἱ
443 496 613 582 ἄνθρωποι
641 498 817 602 γινόμεθα,
846 491 939 576 οὗτος
959 496 977 564 6
1001 499 1034 564 ἐν
1058 492 1150 588 ᾧ
1109 527 1152 566 το
1179 495 1267 566 εἶναι
1280 509 1346 613 λαμ-

239 585 400 694 βάνοντες
415 584 600 690 γεννῶμεθα
617 578 765 690 κόσμος,
803 591 857 650 καὶ
886 581 903 651 6
924 585 1007 697 μετὰ
1030 565 1188 652 θάνατον
1211 580 1292 653 ἐν
1268 588 1346 697 ιμέν

240 668 400 737 τεῦθεν’
379 670 527 748 απιόντες
553 669 712 776 γινόμεθα
735 670 850 749 τόπος,
881 677 934 736 καὶ
957 668 975 736 6
997 677 1129 783 μέλλων
1155 673 1259 786 αίῶν,
1286 666 1345 778 ἐνχ

239 755 317 843 μετὰ
327 762 451 866 ψυχῶν
473 755 708 841 συγκλειόμεθα
730 762 784 822 καὶ
807 757 969 838 σωμάτων.
1008 755 1125 842 Ἔφη
1100 783 1193 826 οσον
1211 753 1272 825 οὖν
1269 785 1345 869 χρο-

241 869 297 909 νον
324 843 419 927 ἐσμὲν
449 842 482 908 ἐν
503 848 547 931 τῷ
562 842 679 952 κόσμῳ
703 842 821 931 τούτῳ,
852 843 885 908 ἐν
895 843 1102 953 Λίγόπτῳ’
1087 844 1221 929 άγομεν
1244 845 1281 912 τό
1300 845 1345 910 πό-

241 952 321 1036 σχα,
356 934 417 994 τῶν
446 909 536 994 καθ’
555 925 712 1015 άμαρτίαν
734 933 869 1009 κηλίδων
891 909 1200 1042 ἐκκαθαιρόμενον·
1232 931 1344 998 ἐπάνίὲ

241 1015 353 1096 ταότην
374 1016 427 1080 διὰ
449 1017 593 1081 θανάτου
615 1016 803 1099 περάσωμευ
825 1015 879 1094 τὴν
897 1014 991 1099 ζωῆν,
1014 1015 1059 1093 ῶς
1078 1017 1155 1083 ἐν’
1115 1019 1253 1126 ερήμῳ
1269 1019 1344 1083 πάλιν

240 1101 359 1212 ἄγομεν
388 1102 496 1207 ἕτερον
523 1101 655 1214 πάσχα,
684 1106 891 1211 τρανοτέροις
922 1101 995 1178 τοὺς
1018 1106 1084 1167 τῶν
1108 1101 1221 1170 όντων
1243 1103 1343 1191 λόγους,

239 1194 338 1275 χωρὶς
359 1187 526 1272 συμβόλων
547 1216 600 1254 και
619 1187 813 1298 αἰνιγμάτων
835 1194 889 1254 καὶ
911 1192 965 1267 τῆς
982 1184 1021 1251 66
1041 1189 1241 1301 αἰσθήσεως
1257 1217 1342 1257 ποικι-

240 1280 328 1356 λίας,
356 1280 472 1354 νοητῶς
490 1300 521 1339 τε
540 1281 593 1339 καὶ
612 1268 789 1358 άσωμάτως
808 1273 1043 1358 μανθάνοντες·
1075 1281 1136 1340 καὶ
1163 1270 1265 1354 αὖθις
1283 1275 1341 1344 κατὰ

240 1359 296 1426 τὸν
326 1365 499 1471 με’λλοντα
514 1364 576 1425 τῶν
606 1366 707 1425 θείων
740 1360 934 1444 ἐπαγγελιῶν
962 1361 1065 1425 αίῶνα
1095 1361 1340 1449 ἑορτάζομεν
1317 1389 1340 1428 το

239 1445 365 1553 πάσχα,
396 1445 452 1511 τόν
480 1443 656 1529 ἀκρότατον
685 1444 809 1529 άμέσως
838 1445 1004 1523 ἐσθίοντες
1026 1450 1081 1526 τῆς
1103 1458 1237 1559 σοφίας
1257 1451 1339 1560 λόχον

241 1532 323 1615 πρὸς
341 1529 378 1596 ὃν
395 1538 662 1640 μεταποιηθέντες
679 1531 757 1598 κατὰ
775 1531 869 1642 χάριν
887 1531 1072 1642 θεοόμεθα,
1100 1534 1162 1614 τὴν
1182 1536 1267 1646 πρὸς
1281 1536 1338 1600 άλλο

242 1617 351 1701 πάσχα
375 1617 524 1700 διάβασιν
546 1615 660 1683 καθ’ί
643 1622 751 1684 οτιοῶν
774 1617 869 1697 ἄλλην
890 1616 946 1683 οὐκ
963 1620 1120 1727 ἔχοντες,
1133 1621 1263 1703 πλῆν“7
1243 1649 1289 1689 οτι
1302 1628 1353 1687 καί

242 1703 381 1770 ἐνταῦθα
402 1708 561 1788 παροῦσιν
583 1701 657 1788 ἧμῖν
679 1704 812 1770 δυνατόν
834 1702 901 1770 ἐστι
924 1730 1005 1808 προς
1026 1732 1081 1784 την
1103 1707 1251 1774 εκάστου
1267 1707 1335 1774 κατό-

242 1814 354 1856 στασιν
383 1789 603 1870 είκονισθίηναι
632 1795 693 1856 τῶν
716 1791 886 1876 εἰρημένων
909 1790 1015 1856 τόπων
1037 1790 1093 1870 τὴν
1120 1793 1280 1904 ἰδιότητα.
1312 1790 1335 1856 ‘6
1373 1829 1374 1883 1

240 1873 300 1960 γάρ
329 1874 464 1941 ἑκάστου
494 1873 580 1958 ἡμῶν
607 1883 678 1959 βίος
694 1878 986 1986 χαρακτηριστικός
1008 1876 1076 1942 ἐστι
1102 1884 1166 1946 τοῦ
1189 1880 1224 1946 ἐν
1246 1873 1274 1986 ᾦ
1289 1879 1333 1947 666
1373 1898 1374 1950 1

241 1962 353 2028 τόπου.
402 1955 498 2040 Οἶον,
527 1962 556 2027 εἶ
583 1967 642 2046 μὲν
671 1962 725 2041 την
753 1961 925 2047 πρακτικὴν
948 1959 1108 2044 ἀνδρικῶς
1130 1966 1333 2070 μετερχόμεθι
1372 1990 1374 2038 1

241 2054 457 2134 φιλοσοφίαν,
483 2046 515 2112 ἐν
536 2047 691 2157 Αἰγύπτῳ
714 2050 750 2113 τὸ
773 2048 884 2158 πάσχα
905 2053 1008 2125 καλῶς
1027 2048 1259 2137 ἐπιτελοῦμεν,
1276 2048 1332 2158 μεῖν’
1372 2094 1374 2122 ι

241 2139 301 2201 τῶν
322 2135 509 2242 Αἰγυπτίων
530 2139 589 2219 μὲν
612 2131 820 2244 όπόρχοντες,
844 2133 901 2201 οὐκ
918 2134 1097 2217 Αἰγύπτιοι
1124 2142 1163 2203 66
1185 2138 1331 2243 τυγχάνον
1372 2172 1374 2226 γ

241 2247 306 2302 τες,
328 2216 370 2297 ῶς
386 2220 418 2285 ἐν
437 2227 538 2325 σαρκὶ
548 2225 607 2304 μὲν
624 2218 727 2302 όντες,
749 2217 786 2287 06
805 2219 883 2286 κατά
902 2220 1005 2330 σάρκα
1023 2225 1059 2287 66
1065 2224 1374 2334 στρατευόμενοι1

81 2318 127 2356 ὒν·
141 2308 283 2371 12471·Εί
301 2304 386 2371 66
353 2333 408 2386 την
426 2304 560 2391 φυσικην
579 2305 611 2371 ἐν
630 2305 783 2390 πνεόματι
799 2313 942 2394 θεωρίαν
960 2303 1099 2412 είσεβῶς
1116 2311 1374 2417 ἐξασκοόμεθα

242 2393 326 2459 όπλα
344 2418 387 2478 τῳ
373 2397 471 2480 ’θεῶ
488 2390 654 2457 δυνατά
620 2418 676 2469 τας
678 2396 746 2498 τῆς
764 2397 865 2504 ψυχῆς
880 2391 1069 2501 ποιοόμενοι
1087 2396 1255 2508 δυνάμεις,
1275 2393 1374 2504 666

240 2457 434 2586 καθαίρέσιν
453 2483 513 2562 μὲν
535 2475 748 2562 ὀχυρωμάτων
770 2486 823 2544 καὶ
847 2477 963 2556 παντός
983 2476 1163 2564 ὖιμῶματος
1180 2480 1330 2597 ἐπαιρομί·
1373 2523 1374 2558 1

241 2594 297 2632 νου
319 2563 397 2630 κατά
419 2569 472 2645 τῆς
489 2564 632 2648 γνῶσεως
649 2592 703 2631 του
690 2570 817 2643 θεοῦ,
841 2571 984 2676 θεωρίαν
1001 2569 1036 2631 66
1056 2571 1120 2633 τῶν
1141 2569 1176 2634 ἐν
1195 2582 1265 2648 τοῖς
1281 2560 1329 2637 666
1373 2612 1374 2631 1

241 2655 457 2732 πνευματικῶν
478 2649 639 2733 λόγων,
618 2650 720 2735 ιόςπερ
742 2677 854 2734 γυμνοι
877 2650 1036 2760 σώματος
1045 2659 1101 2718 καὶ
1127 2659 1184 2735 τῆς
1206 2653 1330 2734 661616
1373 2698 1374 2724 2

242 2738 397 2816 αισθησιν
419 2735 576 2815 ἅπατηλῆς
599 2743 776 2821 φαντασίας
798 2736 981 2822 ἐλεύθεροι,
1003 2736 1058 2816 τὴν
1080 2740 1170 2826 πρὸς
1192 2742 1250 2820 τὰς
1264 2748 1330 2813 666
1373 2761 1374 2812 Ι

242 2823 428 2906 ἐπαγγελίας
447 2827 624 2906 γνωστικῶς
640 2822 829 2932 ποιούμενοι
847 2831 998 2909 πορείαν,
1021 2824 1121 2908 ἐσμὲν
1141 2827 1177 2893 ἐν
1191 2834 1231 2918 τη
1242 2829 1330 2934 ἐρήμη,
1373 2885 1374 2890 ,

242 2912 279 3000 τῆ
306 2912 422 2973 παθῶν
449 2913 545 2991 λέγω,
573 2915 626 2974 καὶ
655 2909 758 2988 πάσης
785 2907 891 2989 ὗλικῆς
919 2918 1097 2994 φαντασίας
1120 2898 1330 3023 καθάρευοίεη

242 2991 440 3060 καταστάσει.
476 2995 518 3058 Εἰ
537 2994 619 3059 66
588 3021 642 3074 την
658 2996 849 3080 θεολογικῆν
865 3003 1092 3107 μυσταγωγίαν
1109 2996 1267 3090 άρρῆτοις
1281 2996 1330 3070 νοός

241 3081 391 3188 κινήμασι
412 3079 664 3192 μορμαζόμεθα,
699 3088 732 3145 τί
759 3081 795 3147 τὸ
823 3081 943 3158 πλάτος
969 3108 1022 3147 και
1047 3087 1153 3166 μῆκος
1174 3094 1231 3154 καλ
1251 3083 1330 3185 ῥόθος

241 3173 295 3233 καὶ
313 3166 349 3233 τὸ
368 3163 611 3275 ὗπερβάλλον
583 3192 628 3243 εις
645 3166 726 3276 ἡμᾶς
741 3172 933 3278 μέγεθος
897 3194 949 3247 της
967 3193 1022 3233 του
1010 3172 1124 3235 θεοῦ
1133 3181 1265 3279 σοφίας
1276 3195 1329 3239 κων

242 3252 277 3318 τό
307 3251 437 3338 ἐφικτόν
467 3245 653 3337 άνθρῶποις
682 3249 738 3318 666
768 3251 967 3365 ἀγνοοῦντες,
998 3253 1143 3339 ἐσμὲν
1128 3284 1164 3324 εν
1180 3259 1330 3372 166616

241 3339 436 3423 ἐπαγγελίας
476 3339 543 3419 Τὴν
564 3338 737 3450 πρακτικὴν
757 3366 811 3404 ουν
833 3367 886 3405 και
904 3367 957 3421 την
975 3340 1113 3426 φυσικὴν
1133 3351 1191 3411 καὶ
1208 3345 1262 3426 τῆν
1275 3350 1329 3411 θεν·

241 3424 369 3532 λογικῆν
384 3418 642 3531 μιλοσοφίαν
606 3451 697 3509 οιμαι
715 3424 823 3490 666
786 3451 838 3505 της
855 3430 1055 3538 διαιρέσεως
1058 3432 1124 3493 τῶν
1142 3431 1242 3515 τριῶν
1258 3451 1329 3515 προς

242 3509 336 3577 τόπων
358 3537 413 3576 τον
435 3511 628 3621 διδάμκαλον
649 3517 949 3622 παραινίττεσθαι,
966 3505 1073 3578 δίων
1095 3512 1281 3624 άναλόγως
1282 3514 1329 3584 66

242 3621 317 3672 στος
331 3595 409 3662 κατά
425 3596 480 3678 τῆν
498 3593 644 3664 ὑποῦσαν
661 3594 745 3686 αόνῳ
731 3596 949 3682 Ηδόναμιν
915 3625 951 3663 το
969 3597 1084 3678 νοητόν
1105 3600 1220 3671 ἐσθίει
1237 3602 1327 3689 πόσην
1351 3604 1355 3621 “

80 3780 184 3880 μμυυ.
189 3792 235 3873 66
230 3752 299 3826 ἶΕκ
321 3760 389 3826 τοῦ
416 3752 533 3827 αὐτοῦ
557 3754 691 3854 λόγον,
718 3758 766 3835 εἰς
790 3751 852 3840 τὸ,
882 3758 927 3826 16
950 3781 1019 3847 μεν
1043 3784 1100 3839 τις
1126 3755 1160 3831 εἶ
1176 3749 1328 3855 Ραχηλῆ

81 3860 162 3975 χεῗχ
165 3885 233 3976 6¹³⁹
297 3853 409 3939 Λεία
429 3853 532 3952 ψυχὴ
550 3853 793 3954 πατριαρχικὴ
810 3883 873 3928 και
862 3855 1051 3986 μεγάλη,
1071 3858 1139 3933 καὶ
1156 3889 1205 3936 τα
1190 3792 1327 3937 είόαλί

292 3955 477 4055 6660st
452 3986 544 4052 οπερ
562 3956 670 4033 ἄν’
628 3986 737 4055 εορης
751 3966 821 4031 τοῦ
839 3965 908 4034 σοῦ
924 3958 1081 4055 πατρὸς,
1111 3962 1183 4060 οὐχ
1198 3967 1261 4040 ἵνα
1274 3989 1325 4087 μγ

292 4056 423 4154 λάξῃς,
449 4059 523 4133 ἀλλ’
548 4060 655 4134 ἵνα’
633 4059 836 4156 αφανίοῃς·
864 4090 895 4134 ει
881 4058 954 4133 ³66
974 4061 1204 4162 ’[σραηλίτης
1225 4063 1325 4164 6666

292 4164 382 4255 πρὸς
403 4161 472 4257 τὴν
492 4170 564 4262 γῆν
585 4170 646 4257 τῆς
669 4163 886 4261 ἐπαγγελίας
906 4192 1136 4264 αετενεγκαι.
1348 4148 1356 4216 1

1344 4480 1366 4749 1

341 4292 457 4381 Ραχηλ
472 4300 541 4380 μὲν,
563 4297 605 4373 ῶς
623 4322 731 4404 χασιν,
752 4293 853 4381 ιίμνοὶς
869 4326 886 4378 η
874 4295 1157 4381 ’ποιμαίνουσα
1142 4302 1320 4415 ερμηνεόετιιγ,

242 4408 257 4459 η
247 4377 312 4444 ‘66
327 4387 414 4445 Λεία
426 4387 604 4467 κοπουμένη
622 4410 639 4462 η
654 4404 796 4459 κοπωσις
813 4382 1023 4468 ἑρμηνεύεται.
1058 4391 1271 4474 Ποιμοίκεται
1283 4407 1319 4453 ιν
