2768 4784
43 333 149 407 domini
184 335 283 395 nostri
313 333 384 396 lesu
412 334 523 396 Christi
550 341 635 412 pater
664 336 783 414 gloriae
811 339 864 400 det
891 340 978 399 vohis
1008 339 1147 415 spiritum

43 420 208 497 sapientiae
244 426 275 480 et
310 421 523 491 revelationis,
562 425 592 481 in
630 424 802 499 cognitione
838 425 920 500 elus,
960 424 1148 487 illuminatos

43 506 141 567 oculos
171 506 276 567 cordis
305 509 416 581 vestri,
449 515 484 568 ut
511 510 616 568 sciatis
638 526 695 568 vos
719 512 860 583 quaesit
882 520 954 587 spes
977 513 1147 573 vocationis

42 594 116 665 eius,
148 597 181 652 et
204 607 286 667 qnae
308 593 431 653 divitiae
453 595 568 671 gloriae
592 594 788 672 haereditatis
811 599 879 656 eius
901 600 932 656 in
955 599 1086 670 sanctis,
1118 606 1149 659 et

43 695 110 754 quae
140 679 184 738 sit
213 680 447 755 supereminens
476 681 657 756 magnitudo
686 681 804 741 virtutis
834 684 900 741 eins
922 684 953 742 in
979 701 1052 758 nos,
1083 699 1149 745 cre-

43 765 142 827 dentes
175 765 348 826 secundum
377 768 586 840 operationem
615 768 746 841 potentis
780 769 899 827 virtutis
936 769 1018 844 eius,
1054 785 1148 844 quarn

42 857 181 927 operatus
210 858 259 910 est
286 853 318 910 in
341 851 476 925 Christo,
512 854 665 912 suscitans
695 869 765 912 eum
788 856 994 925 emortuis,
1026 860 1147 917 eleum

43 937 142 998 sedere
171 936 291 997 faciens
320 938 352 996 in
382 931 491 997 dextra
521 954 579 997 sna
607 939 636 996 in
668 939 870 1010 caelestibus,
906 956 998 1016 super
1026 958 1148 1003 omnem

42 1025 240 1101 principatum
277 1029 309 1083 et
344 1029 527 1098 potestatem
561 1030 591 1082 et
619 1025 760 1085 virtutem
793 1033 824 1086 ct
850 1025 1088 1088 dominationem
1118 1034 1150 1088 et
1193 1087 1195 1091 a

55 1126 81 1169 n
158 1124 275 1169 nomen
309 1111 511 1185 nominatum,
548 1126 609 1168 non
640 1111 739 1170 solum
768 1111 798 1169 in
828 1112 953 1172 saeculo
983 1113 1057 1183 hoc,
1093 1114 1148 1174 sed
1227 1145 1229 1150 ·

13 2412 21 2435 t

41 1197 123 1256 edum
154 1195 187 1254 in
216 1195 337 1270 iuturo;
372 1202 402 1255 et
431 1197 534 1255 omnia
563 1195 646 1255 dedit
668 1198 727 1256 suh
749 1197 879 1270 pedihus
901 1200 985 1271 eius,
1024 1202 1055 1258 et
1077 1215 1148 1261 eum

42 1281 117 1343 dedit
149 1287 247 1356 caput
275 1297 368 1358 super
395 1284 497 1342 omnia
526 1282 692 1356 ecclesiae,
725 1296 804 1355 qnae
825 1290 874 1343 est
895 1300 1006 1357 corpus
1028 1285 1096 1345 eius
1117 1291 1150 1345 et

40 1367 193 1444 plenitudo
222 1368 307 1441 eius,
336 1369 437 1427 omnia
467 1369 499 1427 in
528 1370 670 1428 omnihus
701 1368 877 1442 implentis‘
928 1369 964 1429 m
993 1375 1064 1444 post
1093 1371 1148 1430 ali-

41 1460 149 1528 quanta
170 1455 298 1513 iterum:
332 1452 417 1528 ,lpse
440 1454 524 1513 dedit
546 1455 695 1528 quosdam
718 1455 839 1528 quidem
857 1455 1032 1530 apostolos,
1055 1472 1149 1530 quos·

41 1540 102 1600 dam
122 1555 200 1600 vero
219 1538 402 1616 prophetas,
427 1539 577 1614 quosdam
599 1540 817 1617 evangelistas,
839 1541 989 1614 quosdam
1008 1549 1149 1618 pusiones

41 1633 65 1686 et
84 1627 278 1704 magistroS,
311 1625 351 1684 ad
372 1627 576 1702 cognitionem
600 1632 775 1686 sanctornm
798 1628 829 1685 in
853 1644 932 1702 opus
955 1628 1151 1689 administra·

40 1713 140 1785 ionis,
171 1713 205 1771 in
234 1711 476 1772 aedificationem
507 1715 643 1787 corporis
666 1711 791 1782 Christi,
825 1711 924 1773 donec
952 1729 1148 1777 occurramus

40 1814 142 1861 omnes
172 1799 204 1857 in
234 1799 382 1858 unitatem
410 1798 480 1857 iidei
502 1804 532 1857 et
552 1799 735 1876 cognitionis
759 1799 810 1858 filii
835 1798 884 1858 dei
906 1801 936 1857 in
960 1801 1056 1860 virum
1078 1818 1149 1878 per-

40 1884 165 1955 lectam,
194 1885 227 1943 in
250 1899 425 1943 mensuram
449 1887 558 1944 aetatis
581 1885 773 1958 plenitudinis
793 1884 921 1958 Christi,
944 1888 1063 1946 utiam
1086 1903 1147 1948 non

41 1973 131 2031 simus
164 1969 286 2047 parvuli
314 1969 515 2040 fluctuantes,
552 1977 582 2030 et
604 1971 852 2030 circumferamur
873 1973 957 2029 omni
979 1980 1070 2033 vento
1094 1974 1149 2034 do·

41 2060 153 2119 donae
184 2058 219 2116 in
253 2056 387 2130 nequitia
415 2054 588 2131 hominnm,
625 2059 655 2114 in
686 2058 800 2125 astutia
827 2056 866 2115 ad
895 2064 993 2117 artem
1022 2061 1149 2119 erroris:

42 2141 168 2205 Veridici
195 2148 298 2203 autem
325 2143 356 2201 in
379 2143 506 2202 caritate
528 2158 704 2202 crescamus
727 2144 756 2200 in
781 2158 850 2200 eum
873 2159 927 2218 per
949 2144 1067 2218 omnia,
1096 2147 1148 2221 qni

42 2236 85 2290 est
103 2233 201 2304 capnt
229 2228 383 2301 Christus,
419 2243 458 2287 ex
487 2243 547 2302 quo
577 2245 668 2288 ornne
698 2245 810 2304 corpus
842 2230 1088 2306 compaginatum
1118 2238 1149 2293 et

42 2315 221 2377 collocatum
254 2331 311 2391 per
346 2330 468 2374 omnem
496 2317 535 2374 ab
566 2330 602 2375 eo
632 2315 940 2390 administrationem,
977 2315 1147 2376 secundum

42 2403 250 2478 operationem
289 2400 533 2474 uniuscuiusque
573 2402 714 2471 membri,
755 2402 973 2460 incrementum
1013 2404 1147 2477 corporis

42 2487 108 2548 lacit
128 2490 162 2549 in
183 2486 428 2547 aedificationem
451 2489 563 2547 suimet
582 2489 613 2545 in
637 2487 822 2546 dilectione‘
870 2485 937 2547 Non
960 2488 1089 2549 aestimo
1109 2489 1149 2550 de

41 2580 159 2636 meiero
188 2573 317 2633 alicuius
346 2573 484 2648 indigere
512 2573 677 2632 testimonii
704 2575 753 2647 pie
783 2575 883 2632 vivere
906 2580 1147 2649 cognoscentem

41 2659 75 2719 ad
103 2658 380 2721 maniiestationem
412 2659 581 2718 secundum
604 2660 790 2719 Christianos
821 2675 893 2720 vere
916 2660 1048 2720 creditae
1069 2663 1149 2721 veri-

41 2747 126 2819 tatis,
160 2751 265 2821 aperte
294 2745 462 2804 discentem
492 2761 546 2820 per
575 2745 664 2815 illud,
700 2745 796 2818 ,Quia
820 2751 849 2804 et
870 2747 1007 2806 membra
1028 2751 1059 2807 et
1081 2763 1149 2808 cor·

40 2848 94 2907 pus
122 2837 157 2892 et
183 2831 343 2908 plenitudo
372 2848 481 2890 sumus
509 2833 611 2891 omnia
640 2832 669 2889 in
699 2834 840 2891 omnihus
866 2831 1021 2906 implentis¹
1040 2831 1150 2896 Christi

40 2917 85 2980 dei
111 2917 286 2978 secundum
313 2922 384 2977 ante
408 2915 514 2977 secula
536 2919 568 2977 in
591 2918 648 2976 deo
672 2923 702 2976 et
723 2924 809 2992 patre
831 2917 984 2978 occultam
1007 2920 1148 2981 volunta-

10 3010 15 3033 ²
39 3011 97 3065 tem
117 3002 314 3082 recapitulati
337 3003 367 3060 in
390 3004 492 3077 ipsum
514 3020 569 3078 per
591 3004 685 3063 filium
709 3020 800 3063 snum
823 3009 854 3063 et
871 3002 1027 3064 dominum
1044 3004 1146 3066 lesum

39 3091 191 3151 canatum
213 3090 369 3149 dominum
391 3090 561 3149 nostrum.‘'
604 3089 779 3164 Mysterium
801 3091 882 3149 enim
905 3090 1056 3150 occultum
1082 3099 1149 3152 erat

38 3175 196 3236 saeculis
218 3179 249 3234 et
271 3192 289 3234 a
312 3176 577 3250 generationibus,
615 3191 695 3234 nurrc
718 3181 821 3236 autem
844 3175 1071 3237 manifestatum
1093 3194 1148 3254 per

38 3262 88 3321 ilii
107 3262 161 3322 dei
182 3277 287 3320 veram
312 3265 343 3319 et
359 3261 525 3337 perlectam
544 3262 839 3336 inhumanationem,
862 3262 912 3335 qui
930 3262 987 3320 sibi
1002 3261 1149 3324 adunavit

37 3347 210 3410 secundum
246 3347 450 3407 substantiam
486 3348 729 3422 inseparabiliter
762 3354 793 3407 et
820 3348 980 3407 inconfuse
1009 3353 1147 3407 nostram

10 3446 12 3455 ·
37 3441 194 3508 naturam
224 3439 253 3493 et
283 3450 340 3492 nos
368 3449 422 3508 per
446 3449 513 3494 eam
536 3448 615 3507 quae
638 3451 676 3493 ex
698 3435 787 3494 nobis
811 3439 840 3492 et
863 3438 969 3493 nostra
991 3439 1039 3492 est
1059 3435 1148 3494 intel·

37 3520 209 3583 lectualiter
244 3524 275 3578 et
308 3519 496 3580 rationaliter
531 3521 696 3579 animatam
726 3526 865 3580 sanctam
894 3535 983 3579 suam
1013 3536 1146 3595 carnem,

10 3610 16 3673 l
38 3607 129 3669 veluti
151 3621 207 3682 per
228 3605 377 3681 primitias
401 3607 459 3666 sibi
481 3605 650 3680 copulavit,
681 3612 711 3664 et
732 3622 828 3666 rmum
850 3610 880 3664 et
902 3605 931 3664 id
954 3607 1054 3679 ipsum
1075 3607 1149 3666 sibi-

10 3712 13 3785 p
38 3700 99 3755 met
120 3708 195 3753 esse
218 3707 272 3766 per
295 3707 384 3751 snam
408 3692 629 3752 humanitatem
652 3692 795 3769 dignatus
817 3697 882 3766 est3
920 3693 998 3751 sicut
1019 3693 1149 3767 praede·

39 3782 187 3841 adonium
217 3783 264 3836 est
286 3783 359 3838 ante
381 3779 509 3839 saecula
529 3779 560 3836 in
583 3780 650 3854 ipso
673 3795 744 3838 esse
765 3778 859 3838 veluti
880 3779 1017 3836 membra
1040 3795 1148 3854 corpo-

39 3868 78 3927 ris
97 3866 165 3938 sni,
188 3865 219 3922 in
238 3862 361 3923 modum
381 3867 503 3924 animae
526 3865 566 3924 ad
589 3881 716 3939 corpus,
740 3867 770 3923 in
794 3865 899 3938 spiritu
923 3865 1149 3942 compaginavit

41 3953 111 4024 sihi,
150 3955 182 4009 et
211 3949 352 4025 contulit,
388 3956 419 4011 et
449 3953 480 4009 in
511 3967 656 4012 mensura
685 3951 803 4011 induxit
832 3951 941 4010 aetatis
972 3951 1147 4026 spiritualis,

41 4035 211 4099 secundum
241 4036 341 4111 ipsum
370 4036 583 4112 plenitudinis:
620 4037 755 4097 ostendit
776 4037 867 4096 etiam
891 4052 949 4096 nos
968 4038 1000 4095 in
1022 4036 1082 4098 hoc
1099 4037 1149 4098 la-

10 4218 81 4381 ,δὲ
100 4256 330 4382 ἓλιιινδανιζόμενοι
347 4261 387 4312 ed.
409 4260 464 4310 Gal.
524 4261 566 4312 62.
587 4254 685 4325 εὐσεβῆ
703 4261 744 4310 ed.
765 4260 819 4311 Gal.
872 4258 914 4312 63.
934 4241 1179 4309 stationemi

42 4347 81 4381 a.
152 4368 157 4380 .
