2752 4778
1187 210 1275 299 arb,

195 391 300 465 diem
319 391 412 465 'huic
434 395 643 492 praeponit,
672 393 811 484 dicens,
848 390 1027 484 ,Sublimi
1053 396 1258 488 sublimior,

194 503 237 572 et
259 493 471 569 admirabili
493 495 750 574 admirabilior
760 498 779 588 ‘,
806 498 897 571 adeo
919 507 961 570 ut
985 497 1072 572 hinc
1093 499 1164 573 sibi
1187 501 1259 600 ipsi

195 597 386 672 adversari
405 601 580 698 magister
604 592 723 674 videri
746 601 871 698 possit.

255 728 300 789 ad
330 730 409 789 hacc
437 730 596 791 dicendum
628 738 688 805 est,
726 735 806 807 quod
836 736 902 809 ipse
931 735 1127 810 magisteria
1151 733 1259 794 eodem

138 831 288 876 sermone
316 817 480 877 interiectis
511 817 692 892 quibusdam
723 818 811 889 dicit,
849 819 929 895 ,Non
961 820 1023 880 vult
1049 836 1150 880 senno
1173 822 1256 880 utin

139 900 256 960 eodem
286 918 405 976 semper
434 907 514 962 statu
544 919 688 972 maneas,
723 905 776 962 sed
807 910 841 964 ut
870 911 1016 982 perpetuo
1047 923 1083 965 ac
1113 904 1258 966 laudabili

141 990 232 1048 motu
255 989 396 1065 agiteris,
420 1003 554 1049 aenove
578 1007 704 1065 prorsus
728 996 869 1050 creatura
892 993 957 1050 sis!
1003 991 1037 1052 Ut
1059 993 1149 1070 igitur
1171 993 1259 1052 inno·

139 1077 250 1134 ratum
281 1089 316 1132 se
341 1076 407 1149 ipso
432 1075 639 1135 sublimiorem
663 1083 753 1151 atque
777 1079 825 1136 dei
848 1079 945 1154 inagis
971 1077 1097 1137 similem
1121 1079 1260 1153 proiecti·

141 1161 205 1219 bus
234 1159 273 1223 ad
302 1161 442 1220 virtutem
474 1169 678 1240 expurgatum
708 1163 770 1222 deri
801 1165 1088 1234 animadvertimus,
1124 1165 1170 1223 sic
1197 1165 1257 1224 iarn

141 1254 267 1307 omnem
301 1261 422 1322 quoque
456 1263 671 1322 quamcunque
702 1251 875 1326 cogitamus
904 1250 973 1310 festi
1002 1250 1080 1308 diem
1109 1250 1138 1307 in
1171 1250 1257 1308 nobis

140 1347 181 1392 ac
204 1348 259 1408 per
281 1348 337 1392 nos
362 1334 528 1408 semetipsa
550 1335 753 1394 sublimiorem
775 1337 837 1395 steri
857 1336 982 1396 credere
1000 1328 1164 1405 debemus,
1188 1351 1256 1395 cum

142 1418 323 1493 mysterium
349 1420 427 1493 quod
453 1436 506 1495 per
529 1435 596 1479 earn
621 1423 806 1497 significatur
829 1424 980 1497 propriam
1005 1437 1093 1481 suam
1117 1423 1145 1480 in
1172 1422 1257 1481 nobis

142 1504 287 1564 virtatem
317 1505 355 1564 ad
386 1505 600 1580 perlectionem
630 1513 712 1583 agat.
773 1507 866 1568 Recte
893 1510 984 1585 igitur
1013 1507 1132 1566 'sublimi
1163 1507 1258 1566 subli-

142 1590 274 1651 miorem
305 1607 415 1652 novam
447 1594 591 1670 magister
624 1593 698 1651 dixit
732 1594 931 1665 dominicam,
972 1594 1113 1668 qtronimn
1150 1593 1256 1653 cadem

143 1691 268 1753 semper
296 1678 455 1738 nobiscum
488 1696 550 1739 una
579 1680 729 1739 exaltetur
758 1697 853 1755 seque
883 1681 980 1755 ipsam
1007 1678 1257 1756 transgrediatur·

145 1761 265 1838 Quippe
302 1765 545 1847 rpsurrectionis,
584 1765 694 1825 idest
728 1768 840 1840 prima,
878 1767 1029 1826 dominica
1058 1766 1185 1826 occulte·
1204 1780 1258 1840 per

145 1863 239 1909 suurn
266 1851 444 1925 mysterium
473 1853 518 1911 eis
543 1854 593 1924 qui
616 1850 674 1910 boc
697 1853 893 1927 spiritualiter
915 1852 1070 1912 celebrant
1092 1854 1184 1911 vitam
1208 1866 1258 1916 so-

144 1935 209 1997 lum
235 1935 272 1999 ab
295 1937 376 1995 omni
398 1937 478 2011 quod
502 1938 646 1998 materiae
670 1935 816 1998 adhaeret
838 1939 965 1998 ludibrio
986 1944 1015 1997 et
1036 1938 1167 1998 vanitate
1186 1935 1259 1994 libe-

144 2035 212 2081 ram
241 2021 351 2092 donat,
386 2039 465 2084 nova
496 2039 566 2084 vero
596 2023 746 2082 dominice
769 2026 893 2098 insuper
917 2023 1085 2082 divinorum
1109 2024 1258 2082 bonorum

145 2106 235 2182 plene
263 2105 460 2168 fruendorum
492 2124 544 2168 eos
576 2111 604 2166 in
630 2111 814 2170 consortium
839 2111 977 2184 deducit,
1011 2123 1139 2182 quorum
1163 2108 1258 2165 bono-

146 2209 213 2255 rum
238 2193 385 2268 primitias
407 2195 459 2256 iiia
481 2198 562 2270 prior
585 2195 742 2255 obtulerat.
782 2208 797 2233 ⁰

145 2323 232 2398 Alia
253 2325 293 2396 in
318 2322 417 2398 idern
435 2327 706 2424 contemplatio.

253 2439 314 2502 Sed
337 2443 362 2502 si
385 2443 433 2502 cui
456 2443 516 2502 lida
539 2443 657 2504 videtur
679 2441 901 2518 interpretatio,
926 2441 1052 2516 primam
1075 2440 1257 2504 dominicam

144 2529 252 2589 dicant
279 2530 444 2606 imaginem
473 2545 544 2588 esse
573 2529 762 2589 voluntariae
790 2529 820 2586 in
850 2528 991 2587 virtutem
1015 2526 1258 2600 resurrectionis,

143 2615 274 2676 alteram
297 2631 370 2675 vero
393 2615 554 2675 voluntarii
576 2615 697 2675 habitus
721 2617 751 2673 in
775 2614 976 2691 cognitionem
1001 2614 1214 2674 consummati.

143 2750 234 2826 Alia
257 2753 295 2824 in
319 2751 421 2824 idem
445 2750 715 2849 contemplatio.

255 2871 353 2942 Atque
382 2883 488 2927 rursus
518 2867 647 2942 primam
677 2860 860 2925 dominicam
885 2865 1034 2926 naturalis
1058 2881 1136 2940 quae
1157 2866 1258 2926 futuru

142 2961 195 3015 est
224 2954 455 3014 resurrectionis
486 2960 517 3013 et
541 2953 832 3027 incorruptibilitatis
857 2968 927 3012 esse
949 2951 1120 3028 symbolum
1145 2951 1259 3024 volunt,

141 3043 275 3103 alteram
299 3056 370 3100 vero
391 3040 469 3099 ferre
491 3039 655 3115 imaginem
679 3037 877 3097 deificationis
901 3053 980 3110 quae
1001 3038 1168 3097 secundum
1188 3054 1259 3114 gra·

141 3130 219 3191 tiam
250 3126 351 3186 future
380 3132 435 3185 est.
496 3123 582 3197 Qtrod
613 3126 638 3181 si
669 3123 772 3183 habitu
801 3140 819 3182 a
847 3121 935 3181 malis
964 3131 1095 3199 purgato
1123 3128 1260 3197 praestat

144 3219 297 3279 bonorum
328 3211 445 3284 fruitio,
478 3225 556 3269 sano
580 3216 680 3269 autern
706 3225 760 3284 per
784 3209 923 3267 virtutem
947 3208 1101 3266 voluntate
1122 3214 1260 3283 praestat

143 3300 272 3363 habitus
295 3297 447 3374 perfectae
470 3313 524 3372 per
543 3296 698 3356 veritatem
722 3295 919 3372 cognitionis,
951 3309 986 3353 ac
1010 3293 1140 3354 naturali
1161 3295 1260 3354 incor-

142 3384 342 3462 ruptibilitate
370 3388 504 3461 praestat
533 3383 723 3459 regeneratio
752 3383 781 3438 in
813 3380 910 3455 gratia
940 3378 978 3438 ad
1008 3378 1098 3438 deora
1129 3395 1208 3455 quae
1229 3381 1261 3440 iit

142 3488 201 3550 per
225 3470 456 3543 deificationem,
492 3485 620 3542 quarum
647 3468 726 3542 prior
747 3466 900 3525 dominica
922 3465 977 3525 tert
1000 3466 1180 3542 imaginem,
1216 3467 1260 3526 al-

143 3568 213 3621 tera
249 3573 319 3618 vero
356 3562 403 3617 est
431 3555 617 3630 symbolam,
657 3560 737 3612 reete
768 3550 889 3611 sublimi
920 3551 1124 3611 sublimiorem
1154 3552 1260 3627 spiritu

143 3646 281 3722 agitatus
306 3643 412 3702 doctor
435 3656 545 3702 novam
569 3639 644 3698 dixit
668 3638 860 3698 dominicam.

143 3780 206 3856 Ex
235 3779 365 3853 eodem
398 3799 581 3868 sermone,
617 3777 656 3848 in
687 3774 805 3865 illud,
849 3771 959 3864 ,Eam
993 3798 1137 3874 quoque
1156 3775 1259 3848 fami·

198 3883 398 3957 liaritetem
423 3906 515 3979 quae
535 3903 601 3978 per
624 3902 744 3952 acrem
768 3877 1014 3968 contrahitur,
1048 3877 1110 3950 odi
1135 3903 1176 3951 ac
1200 3875 1259 3957 da

200 3989 336 4060 testor.‘

260 4105 304 4162 Ad
336 4104 494 4176 mulieres,
529 4120 565 4161 ac
596 4101 774 4177 pracsertim
806 4116 860 4160 eas
891 4116 968 4174 quac
998 4101 1151 4160 solitariae
1182 4099 1262 4160 vitae

145 4187 220 4252 sese
244 4190 443 4258 addixerant,
475 4189 570 4249 malta
593 4187 630 4245 de
654 4187 842 4265 corrigendis
867 4187 1000 4245 moribus
1024 4202 1057 4244 se
1080 4191 1261 4247 convertant

340 4311 430 4318 -..-

223 4363 246 4414 1.
267 4359 452 4424 Aptirgraplrum
473 4357 549 4408 liabet
568 4359 605 4406 Ei
622 4351 648 4406 di
669 4355 714 4422 rigi.
