2752 4778
1068 208 1143 289 sla

16 395 80 455 aut
108 391 262 469 appellari
283 390 420 462 habeus,
442 390 498 453 sed
520 391 671 467 positione
692 396 723 452 at
745 393 843 470 matio
866 394 964 455 iactus
988 401 1018 455 et
1040 396 1144 472 appel-

15 478 131 555 lstue;
170 479 328 556 positionis
363 478 444 539 onim
479 479 579 557 graba
612 476 772 540 uliecbone
800 481 924 541 omnino
951 487 1054 554 caret,
1086 498 1144 545 uec

15 564 129 631 bouet
152 565 398 641 qualemcunque
419 565 468 625 sui
488 579 635 643 capacem
657 565 688 624 iu
710 570 821 625 natura
841 571 1040 643 potestatem,
1073 585 1143 631 cum
1191 567 1194 571 ’

16 666 92 719 nou
117 651 253 729 amplius
274 652 450 729 probasii,
480 650 535 711 aad
558 651 676 712 virtutis
699 652 833 713 naturali
852 653 1000 716 facultate
1022 656 1143 732 agentis

13 742 49 801 ct
84 738 253 801 eiliciautis
280 736 493 800 manifestatio.
550 739 652 812 Atque
680 740 725 798 sic
751 754 874 800 rursum
904 740 985 816 quod
1007 741 1040 802 tit
1060 740 1143 803 bauti

15 825 143 887 mirum
167 826 239 897 erit,
268 825 368 902 siper
386 839 530 900 capacem
550 829 678 885 naturae
697 824 870 890 facultatem
890 826 1040 888 deificatio
1057 827 1142 889 toret.

15 910 169 977 Naturae
197 911 279 972 enlm
308 910 503 987 probabiliter
526 927 620 987 opus,
648 916 681 971 at
703 927 765 971 non
788 910 836 972 dei
858 912 971 973 donum
996 914 1143 976 deificatio

15 1002 134 1073 esset,
168 1002 200 1061 et
231 996 302 1057 talis
331 997 419 1057 etlam
450 1000 562 1057 nutura
590 996 667 1056 daus
695 997 759 1057 lieri
788 999 995 1076 appellarique
1024 1003 1144 1078 proprie

16 1088 149 1161 posset.
201 1082 280 1143 Nihil
310 1085 391 1143 enim
421 1082 505 1144 aliud
534 1087 581 1143 est
611 1084 761 1144 naturalis
784 1100 884 1147 rerum
906 1103 987 1162 quae
1009 1089 1144 1150 existunt

15 1172 187 1245 cuiusque
208 1168 338 1231 facultas
361 1184 452 1243 quam
475 1177 603 1231 naturae
625 1169 665 1229 ad
688 1169 842 1249 agendum
865 1179 1014 1248 perpetua
1040 1176 1142 1235 motio.

17 1255 198 1333 Quomodo
224 1260 325 1317 autem
354 1255 504 1316 deificatio
530 1271 601 1317 eum
631 1256 682 1332 qui
705 1256 862 1319 deificatur
883 1274 902 1318 a
924 1274 958 1319 se
979 1262 1047 1334 ipso
1069 1260 1144 1321 alle-

16 1348 100 1415 net,
131 1343 160 1403 si
186 1356 224 1402 ea
246 1346 373 1403 naturae
394 1341 506 1402 linibus
528 1341 751 1419 comprehensa
772 1350 854 1414 erat,
886 1344 946 1406 hoc
967 1345 1143 1424 intellegere

16 1444 91 1493 uon
124 1443 262 1504 possum.
317 1429 426 1503 Aequa
454 1443 528 1489 vero
556 1430 648 1489 etiam
675 1446 715 1489 ex
743 1433 896 1492 contrario
926 1433 1090 1506 perniciem
1112 1439 1143 1494 et

16 1515 203 1589 internum,
226 1519 257 1573 et
274 1515 417 1591 perniciei
433 1513 530 1590 lilios,
552 1519 583 1576 ei
602 1515 712 1576 similia
734 1516 890 1593 appellant
911 1533 966 1578 eos
988 1520 1040 1594 qul
1062 1519 1144 1593 quob

16 1616 92 1665 non
117 1605 169 1662 ast
188 1600 359 1663 secundnm
381 1599 572 1662 allectionem
594 1603 651 1661 sibi
671 1610 920 1679 repraesentant,
947 1607 1143 1680 moribusque

17 1690 52 1751 ci
77 1702 140 1765 par
163 1687 267 1748 omnla
288 1686 360 1749 lacti
383 1693 456 1748 suut
477 1702 638 1764 suppares.
694 1691 831 1749 Arbitror
852 1691 945 1768 igitur
965 1691 1049 1753 huuc
1070 1708 1144 1753 san-

18 1780 116 1837 etum
140 1779 171 1833 at
192 1788 340 1851 magnum
364 1775 544 1851 magistrum
566 1790 635 1835 cum
658 1773 689 1832 in
712 1791 750 1836 aa
775 1789 855 1852 quae
876 1793 971 1853 supra
993 1779 1055 1839 dixi
1077 1780 1144 1840 ani-

19 1876 117 1925 mum
144 1860 327 1921 intendisset
353 1865 624 1921 commemoratum
652 1860 714 1922 illic
742 1863 842 1923 sancti
870 1864 1001 1940 apostoli
1022 1870 1143 1941 raptum

18 1960 221 2021 exornasse,
254 1951 326 2022 apte
355 1961 443 2007 suam
466 1947 575 2022 cuique
596 1963 701 2007 vocem
725 1954 755 2008 et
777 1956 1018 2012 consentaneam
1041 1952 1143 2012 distri-

19 2030 166 2097 buendo.
211 2031 311 2105 Quare
334 2034 616 2110 ,progressionem‘
643 2032 765 2107 quidem
788 2050 857 2095 eum
880 2035 980 2097 dicere
1003 2039 1143 2114 suspicor

18 2120 154 2185 unctis
188 2117 357 2179 meandum
394 2118 530 2180 habitum
567 2120 842 2194 impassibilitatem
881 2137 962 2196 quae
1001 2128 1142 2184 sanctum

19 2204 207 2285 apostolum
233 2209 321 2267 extra
343 2204 513 2266 naturalem
536 2207 752 2267 necessitatem
776 2208 954 2279 constituat,
991 2221 1051 2282 qua
1072 2209 1142 2269 nul·

19 2292 93 2355 lam
123 2290 289 2353 voluntatis
317 2291 358 2352 ad
386 2296 529 2355 naturam
563 2292 741 2354 relationem
776 2293 890 2354 habere
925 2294 1035 2369 voluit,
1071 2311 1141 2357 cum

17 2382 122 2443 satra
150 2378 251 2455 ipsam
280 2389 401 2454 quoque
431 2377 602 2439 naturalem
631 2380 802 2441 secundum
832 2397 960 2441 sensum
990 2382 1141 2443 actionem

18 2464 217 2529 constitutus
245 2469 346 2538 esset,
378 2465 473 2526 immo
502 2465 603 2540 potius
632 2465 713 2525 hanc
743 2479 863 2541 quoque
891 2468 921 2525 in
953 2468 1140 2544 spiritualem

18 2550 170 2617 hobitum
202 2550 420 2623 convertisset:
463 2553 711 2626 ,ascensionam‘
744 2569 816 2612 vero
845 2554 982 2615 omniurn
1011 2556 1140 2617 sensibi-

18 2637 104 2701 llum
133 2636 374 2712 derebctionem,
405 2650 485 2711 quae
514 2652 579 2698 nou
600 2639 731 2715 amplius
754 2646 882 2717 agerent
903 2645 956 2701 aut
978 2646 1141 2719 agerentur

19 2724 56 2787 ln
81 2738 122 2785 aa
144 2724 315 2787 secundum
334 2738 478 2794 sensum,
501 2730 531 2784 et
553 2725 701 2786 naturalis
722 2726 752 2785 in
776 2727 883 2803 spiritu
905 2728 986 2788 circu
1008 2743 1046 2788 ea
1063 2746 1140 2807 guo·

21 2810 130 2875 abaco
151 2810 417 2888 contemplationis
437 2813 735 2888 transgressionem:
768 2816 1044 2891 ‚assumptionem‘
1067 2831 1140 2876 vero

21 2899 57 2959 in
83 2896 145 2959 (leo
163 2910 242 2973 quaa
260 2896 391 2975 posthac
407 2897 492 2957 lieret
509 2899 702 2958 mansionem
720 2903 751 2958 et
768 2897 1024 2976 aedificationem,
1048 2918 1140 2977 quarn

22 2983 178 3061 magister
197 2983 308 3045 idoneo
330 2997 408 3044 sana
428 2984 580 3045 vocabulo
609 2987 888 3061 ‚assumptionem‘
917 2989 1054 3058 vocavit,
1081 3004 1140 3063 quo

19 3084 160 3147 passum
197 3071 297 3148 magis
331 3084 403 3130 essa
437 3086 528 3145 quam
563 3073 666 3149 egisse
695 3074 938 3148 assumptionem
967 3074 1140 3149 apostolum

20 3154 223 3235 significaret.
275 3156 453 3231 assumptio
483 3156 563 3215 anim
594 3158 701 3234 passio
729 3165 778 3220 est
801 3160 866 3218 eius
889 3160 940 3234 qui
962 3160 1140 3229 assumitur,

20 3242 109 3303 aetio
137 3247 239 3305 autam
269 3243 335 3303 eius
366 3242 415 3318 qui
438 3244 577 3302 assumit.
633 3242 769 3317 Quorum
790 3244 882 3320 igitur
903 3244 1088 3305 naturalium
1109 3250 1140 3305 et

20 3327 226 3391 relativorum
255 3329 411 3389 nominum
433 3327 574 3389 (lominus
598 3335 664 3390 erat
686 3330 860 3407 apostolus,
891 3330 1061 3391 secundum
1085 3346 1140 3391 na-

19 3422 130 3479 turam
163 3419 193 3475 at
225 3412 417 3476 allectionem
450 3420 666 3493 transgressus
699 3423 748 3477 est
781 3416 1031 3492 appellationem,
1070 3432 1139 3477 cum

20 3506 169 3563 naturam
205 3506 236 3561 et
271 3501 412 3563 rirtmem
447 3506 477 3560 et
514 3505 719 3581 cognitionem
752 3503 919 3564 humanam
949 3509 1138 3579 superasset.

21 3586 95 3661 Quo
125 3590 227 3647 autem
257 3588 357 3665 magis
386 3588 509 3648 carebat
536 3589 651 3649 iulinlte
674 3589 776 3650 divino
798 3591 936 3664 nomina,
971 3588 1063 3648 huius
1085 3605 1140 3664 per

20 3672 156 3753 mlum
183 3673 372 3750 participavit
394 3674 601 3747 vocationem,
634 3690 704 3736 cum
728 3674 805 3736 deus
828 3692 902 3752 prae
923 3676 1005 3736 omni
1028 3678 1140 3751 cetero,

20 3758 111 3836 quod
139 3757 345 3829 adhaerabat,
377 3760 500 3820 nomina
529 3767 560 3823 at
582 3761 714 3821 naturali
736 3767 766 3821 et
787 3762 914 3823 relativo
935 3761 1032 3822 factus
1056 3765 1141 3821 essai

20 3844 239 3920 assumptione
267 3850 296 3907 et
320 3850 491 3906 vocaretur.
547 3847 609 3908 Aut
631 3848 723 3908 etiam
745 3862 853 3907 rursus
875 3850 925 3908 ita.
979 3846 1139 3923 ,Progres-

20 3932 90 3995 slo‘
114 3929 238 4005 qudem
254 3936 303 3992 est
320 3931 413 4008 plena
435 3932 605 3994 secundum
629 3935 770 3994 virtutem
792 3940 923 3994 naturae
945 3934 1139 4005 renuntiatio,

21 4017 205 4089 ,ascensio‘
235 4033 307 4078 varo
336 4022 385 4079 est
406 4033 512 4080 eorum
534 4020 565 4079 iu
588 4020 698 4093 quibus
721 4022 830 4080 natura
853 4024 902 4080 est
923 4021 1137 4097 transgressio,

20 4104 129 4167 locum
153 4103 277 4178 iuquam
306 4109 338 4165 et
364 4109 503 4181 tempus,
531 4106 562 4165 in
592 4107 702 4180 qulbus
731 4121 940 4181 rerumquae
970 4112 1043 4167 sunt
1065 4108 1139 4167 sub·

21 4188 143 4253 onuba
164 4196 303 4266 cousus,
325 4192 528 4267 ,assumptio‘
549 4207 623 4254 vero
647 4192 687 4252 ad
707 4208 779 4255 eum
801 4198 867 4272 est,
888 4208 927 4252 ex
946 4206 1006 4268 quo
1028 4199 1139 4254 cuncta

21 4281 57 4339 at
84 4290 143 4352 par
169 4289 260 4350 quem
287 4281 319 4337 et
339 4278 370 4336 iu
393 4293 500 4354 quem,
532 4284 678 4353 tanquam
701 4280 741 4341 ad
764 4281 855 4341 finem
876 4295 978 4339 rerum
1003 4280 1138 4339 omnium

21 4376 81 4439 per
109 4362 241 4439 grabam
271 4364 431 4425 restitutio.
498 4363 535 4424 llt
567 4364 654 4425 alitor
687 4365 803 4427 dicam:
844 4366 1052 4443 ,Progressio‘
1083 4381 1138 4441 por
