2752 4778
1136 164 1208 247 163

100 343 277 489 ιειῇὶιιοῦὶι,
311 359 381 404 cum
412 342 503 405 deum
532 346 702 405 meminerit
732 359 834 407 rerum
864 352 992 409 naturae
1013 349 1157 410 factorem
1180 357 1212 412 et

100 432 148 493 ‚rti
171 446 253 490 cem.

100 578 380 671 liemonstratur
395 575 495 674 quod
511 576 688 675 quicquid
703 588 895 653 moveatur
911 579 973 653 vel
989 605 1075 654 cum
1091 579 1209 654 altero

141 680 351 775 secundum
388 681 582 755 essentiam
617 680 809 755 differente
847 707 893 756 ex
919 693 1067 757 aeterno
1094 683 1208 759 simut

141 794 335 876 cernatur,
370 783 559 856 infinitum
580 807 656 857 esse
681 808 756 857 non
779 810 901 885 posse,
934 797 971 889 et
995 788 1095 886 quod
1119 789 1210 888 dyas

142 912 267 990 neque
288 888 438 961 initium
460 888 525 978 sit,
552 912 671 986 neque
695 889 774 962 sine
795 889 917 982 initio,
953 901 991 964 et
1010 892 1111 990 quod
1132 916 1208 965 mo·

142 1017 214 1067 nus
237 991 319 1066 sola
340 991 489 1091 proprie
512 992 561 1064 sit
584 992 735 1064 initium
759 1002 796 1066 et
817 993 896 1066 sine
917 993 1032 1068 initio.

202 1130 305 1205 Atque
322 1144 449 1203 rursus,
473 1128 499 1187 si
518 1134 600 1200 erat,
628 1135 663 1190 ut
679 1129 803 1204 quidam
826 1129 945 1204 dieunt,
977 1133 1119 1203 materia,
1147 1148 1209 1192 non

100 1220 176 1285 ueta
198 1221 249 1276 est
269 1216 378 1293 igitur,
408 1216 433 1274 si
457 1231 529 1274 vero
551 1231 611 1274 non
635 1215 716 1276 lucta
738 1221 803 1291 est,
834 1232 891 1275 nec
914 1223 1063 1293 motatur,
1088 1219 1114 1277 si
1138 1234 1209 1279 vero

100 1318 154 1363 ron
179 1306 330 1377 motatur,
362 1317 433 1362 esse
455 1301 537 1361 nullo
561 1302 653 1363 modo
674 1304 804 1378 incepit,
837 1304 958 1362 sivero
984 1320 1056 1364 esse
1080 1320 1140 1364 non
1162 1307 1209 1363 in·

100 1391 187 1465 epit,
220 1388 367 1464 principio
395 1395 480 1448 caret
507 1388 646 1463 omnino,
679 1391 706 1448 si
729 1405 801 1448 vero
823 1394 908 1449 caret
929 1391 1093 1467 principio,
1124 1397 1208 1451 caret

100 1476 186 1537 tram
204 1474 279 1546 line,
307 1474 334 1533 si
352 1475 413 1535 fine
431 1480 523 1547 curet,
547 1475 708 1535 immobilis
727 1476 851 1536 omuino
869 1481 917 1536 est
939 1477 1107 1557 (immobile
1125 1479 1207 1539 enim

100 1577 184 1623 mne
203 1560 354 1621 inlinitum
371 1567 433 1637 est;
464 1563 663 1635 nequeenim
682 1563 778 1623 habet
796 1565 847 1622 ubi
865 1569 1025 1623 moveatur
1044 1564 1125 1638 quod
1145 1581 1207 1625 non

100 1649 256 1709 imitatum
279 1645 357 1728 ast),
388 1650 415 1707 si
438 1664 509 1707 vero
531 1649 607 1723 troc,
642 1649 703 1709 duo
726 1650 849 1709 omnino
872 1649 988 1709 infinita
1011 1657 1040 1711 et
1062 1651 1208 1726 principio

100 1740 130 1809 a,
151 1739 239 1795 motu
266 1734 402 1795 carentia
431 1739 553 1807 extant,
583 1735 660 1794 deus
688 1741 781 1810 atque
811 1737 954 1807 materia,
987 1736 1017 1797 id
1040 1737 1121 1811 quod
1144 1738 1208 1798 lieri

100 1837 154 1883 ton
173 1825 284 1896 potest.
330 1819 470 1881 Binarius
490 1823 570 1881 enim
590 1838 736 1882 numerus
758 1838 855 1897 neque
874 1823 1008 1883 infinitus
1028 1829 1084 1898 est,
1108 1839 1208 1899 neque

100 1909 161 1969 ine
181 1908 285 1983 initio,
309 1922 410 1982 neque
432 1908 498 1967 sine
521 1913 621 1981 motu,
646 1925 745 1984 neque
766 1909 946 1986 principium
970 1911 1092 1970 omnino
1115 1911 1207 1971 ullius

100 1996 135 2057 el
164 2010 239 2055 osse
269 1995 395 2069 poterit,
426 2008 506 2069 quae
534 1994 703 2056 secundum
733 1997 900 2055 unitionem
923 1999 954 2055 et
975 1995 1207 2057 disiunctionem

100 2081 341 2156 neumscnpus
364 2081 421 2151 sit,
452 2081 621 2142 secundum
640 2083 809 2141 unitionem
828 2081 949 2157 quidem
967 2087 1002 2141 ut
1022 2084 1206 2143 exstantiam

100 2169 213 2230 tabens
236 2166 403 2227 monadum
427 2169 694 2244 compositionem,
726 2184 744 2226 a
767 2169 877 2242 quibus
900 2173 1046 2243 tanquam
1069 2171 1206 2245 partibus

100 2256 266 2317 ananelus
288 2259 319 2314 et
340 2254 371 2313 in
395 2269 472 2328 quas
498 2254 590 2314 veluti
611 2260 716 2332 partes
740 2256 837 2315 secari
862 2260 963 2330 potest
992 2254 1080 2336 (nibil
1104 2261 1206 2316 autem

100 2341 175 2419 [aad
197 2341 384 2401 disiunctum
406 2357 478 2400 esse
501 2346 554 2401 aut
575 2341 724 2420 disiungi,
754 2342 819 2401 sive
842 2343 1045 2417 compositum
1063 2359 1135 2402 esse
1154 2346 1206 2403 aul

100 2428 253 2504 ampoui,
276 2426 447 2488 secundum
466 2433 623 2503 naturam,
649 2428 696 2487 uel
713 2429 906 2503 positionem,
932 2428 980 2488 vel
998 2429 1090 2490 alium
1108 2428 1204 2489 ullum

100 2512 219 2577 nodum
248 2514 376 2590 cogitari
404 2521 512 2589 queat,
544 2515 708 2590 quinimmo
731 2531 772 2573 ne
793 2516 862 2590 ipsa
885 2515 1005 2590 quidem
1030 2531 1109 2591 quae
1132 2517 1205 2577 sim-

100 2602 211 2663 tliciter
232 2599 341 2662 dieitur
363 2600 524 2663 disiunctio
543 2601 592 2662 vel
610 2602 804 2677 compositio,
828 2601 978 2662 infinitum
996 2618 1068 2664 esse
1086 2604 1205 2678 poterit,

100 2690 165 2766 pria
187 2702 288 2761 noque
309 2687 440 2763 simplex
462 2694 493 2749 et
513 2688 630 2764 solum,
654 2703 755 2763 neque
777 2690 965 2749 numerabile
988 2695 1040 2749 aut
1062 2706 1206 2751 numera-

100 2790 158 2837 um
180 2780 488 2850 connumeratumve,
511 2781 564 2834 aut
583 2777 665 2834 omni
683 2776 859 2850 simpliciter
877 2776 1080 2852 qualicunque
1098 2776 1204 2838 habitu

100 2863 223 2923 iberum
235 2866 299 2937 est;
321 2861 398 2922 haec
412 2862 492 2921 enim
508 2863 610 2922 omnia
623 2863 653 2920 in
669 2861 775 2923 habitu
793 2865 1034 2938 conspiciuntur,
1056 2864 1204 2925 infinitum

100 2954 197 3011 tutem
230 2953 278 3008 est
306 2949 373 3009 sine
395 2949 556 3021 relatione,
588 2965 657 3009 cum
680 2949 754 3007 nihil
776 2950 903 3010 relative
927 2953 984 3011 sibi
1006 2954 1203 3012 coniunctum

100 3036 217 3097 »mnino
239 3035 379 3114 babenb:
416 3036 586 3096 secundum
610 3036 845 3097 disiunctionem
867 3042 989 3115 autem,
1021 3045 1054 3097 ut
1078 3053 1204 3099 numero

100 3127 226 3193 notate,
256 3137 296 3182 ex
324 3138 384 3198 quo
413 3124 526 3199 incepit
553 3127 583 3182 el
612 3138 631 3182 a
656 3138 715 3197 quo
737 3124 926 3199 continetur,
956 3123 1202 3200 quandoquidem

100 3225 154 3270 rou
176 3212 288 3269 natura
309 3215 340 3269 et
361 3216 481 3287 praeter
502 3209 678 3270 relationem
701 3211 896 3272 existentiam
918 3210 1019 3270 babet.
1071 3209 1204 3270 Numero

100 3297 174 3358 mim
203 3295 303 3355 omnis
335 3297 444 3357 blnitas
474 3301 505 3358 et
532 3297 632 3356 onmis
655 3297 777 3372 unitas,
806 3298 837 3357 in
861 3303 978 3373 partem
1003 3298 1068 3356 eius
1092 3297 1203 3357 contri-

100 3399 212 3458 ruens,
241 3387 379 3457 constat,
410 3399 470 3458 quo
499 3399 626 3443 numero
656 3384 723 3446 eius
750 3385 885 3445 unitates
915 3383 954 3444 de
982 3384 1203 3444 incircumscri-

100 3470 196 3530 ttione
216 3468 348 3530 inuicem
371 3469 511 3547 singulae
532 3471 716 3531 eximuntur.
762 3470 868 3532 Nullus
885 3476 987 3530 autem
1007 3471 1056 3530 vel
1075 3486 1203 3546 quomo·

100 3555 255 3630 iocurque
276 3556 477 3617 ratiocinandi
499 3559 612 3632 peritus
629 3559 779 3619 infinitum
799 3574 870 3618 esse
888 3557 996 3618 dixerit
1014 3573 1144 3633 quocum
1163 3573 1202 3616 ex

100 3648 218 3705 aeterno
240 3643 312 3717 quid
332 3641 396 3703 unci
418 3643 466 3702 vel
489 3642 623 3704 additum
648 3645 853 3721 conspiciatur
874 3645 1011 3704 essentia
1035 3645 1200 3717 diversum,

100 3745 161 3789 :um
190 3729 361 3791 meminerit
383 3731 411 3789 ei
433 3730 482 3805 qui
505 3731 548 3789 ita
571 3732 703 3790 senserit
724 3731 881 3791 infinitatis
904 3731 1053 3791 rationem
1076 3747 1201 3806 prorsus

100 3816 301 3876 aversamini.
356 3815 494 3890 Namque
515 3816 664 3878 infinitum
687 3816 859 3878 secundum
882 3832 1003 3876 omnem
1027 3823 1088 3878 tam
1111 3818 1201 3876 rutio·

100 3919 164 3965 rem
187 3916 278 3978 quam
298 3902 423 3964 modum
442 3903 590 3963 inlinitum
609 3909 675 3974 est,
697 3903 866 3964 secundum
884 3902 1067 3976 essentiam,
1091 3918 1203 3964 secun-

100 3989 164 4051 lum
197 3994 396 4065 potestatem,
433 3990 602 4051 secundum
638 3991 806 4060 actionem,
843 3989 1013 4051 secundum
1040 3994 1203 4066 utrumque

101 4077 270 4147 erminum,
301 4077 489 4152 superiorem
518 4078 643 4152 inquam
665 4083 697 4138 et
718 4076 907 4151 inferiorem,
939 4075 999 4136 hoc
1020 4082 1068 4137 est
1092 4094 1203 4138 secun-

100 4163 163 4225 lum
185 4163 304 4224 initium
327 4169 357 4241 et
378 4163 479 4223 tinem.
539 4162 776 4239 imperceptibile
799 4165 879 4223 enim
902 4158 1073 4224 secundum
1096 4180 1203 4224 essen·

100 4251 175 4329 ium,
198 4252 229 4311 et
246 4250 429 4328 cogitatione
445 4249 753 4325 incomprehensibile
772 4248 940 4312 secuudum
958 4255 1150 4326 potestatem,
1173 4255 1204 4312 et

100 4334 263 4399 erundum
285 4337 435 4397 cabonem
459 4337 768 4415 incircumscriptum,
792 4343 821 4399 et
843 4339 910 4400 siue
930 4337 1080 4484 ppipcipio
1100 4352 1202 4415 supra,
