2752 4778
261 244 334 320 606

259 420 332 495 0666
357 423 393 491 τό
422 431 572 511 παίγνιον
601 421 745 512 άληθινῷ
768 453 828 490 ιιιι
852 429 905 491 καὶ
929 422 996 490 όντι
1018 423 1196 512 πράγματι
1219 427 1351 510 συγκραό

257 539 353 597 μενον
375 505 457 578 εἶναι
477 512 630 588 καθάπαξ
652 512 822 596 νομίζεται.

251 674 351 765 Ἄλλη
375 665 520 764 θεωρία
542 671 591 749 είς
614 665 656 740 τὸ
685 666 789 742 αὐτό

366 797 483 909 Τυχόν
497 803 532 863 δὲ
556 803 609 863 καὶ
631 792 668 862 τό
690 794 927 899 μεταπτωτικδν
950 790 994 861 ὧν
1016 795 1246 884 ἐγχειρίζομεν
1266 796 1356 866 ὑλικόν

257 886 451 972 πραγμάτων
469 883 565 965 άλλην
582 882 684 959 άλλως
696 881 942 992 μεταφερόντων
965 907 996 948 τε
1019 889 1075 948 καὶ
1098 889 1355 992 μεταφερομένων,

96 991 143 1030 6ο4
159 979 310 1038 ¹26⁴·6m6
332 976 487 1081 μηδεμίαν
492 971 511 1080 Ι
530 967 662 1054 βάσινέ
661 967 784 1053 χόντων
814 971 1016 1081 στερέμνιρν,
1046 968 1132 1049 πλῆν
1165 975 1226 1038 τοῦ
1254 971 1356 1056 πρότου

257 1059 354 1142 λόγου
385 1055 502 1124 καθΗ
489 1054 526 1122 όν
556 1059 706 1141 φέρονται
736 1058 846 1164 σοφῶς
867 1080 899 1120 τε
922 1061 975 1121 καὶ
997 1079 1228 1139 προνοητικως
1249 1065 1299 1123 καί
1318 1062 1358 1143 φέ-

257 1170 369 1230 ρουσι,
399 1150 451 1209 καὶ
475 1169 517 1252 τῳ
503 1129 770 1229 ’κρατεῖσθαι
754 1137 806 1225 αφ’
828 1138 915 1250 ημῶν
937 1142 1151 1250 νομίζεσθαι,
1189 1145 1358 1256 διαφευγόν-

256 1257 317 1297 των
345 1226 489 1295 πλέον’
471 1257 487 1308 η
520 1231 754 1313 κρατουμένων,
784 1233 838 1292 καὶ
860 1225 914 1306 666
935 1227 1056 1339 έφεσιν
1069 1224 1163 1338 ἡμῶν
1189 1234 1254 1296 τῶν
1272 1229 1359 1306 αίτοίς

255 1315 456 1401 άνεχομένων
483 1319 692 1425 κρατεῖσθαι,
720 1311 884 1397 μᾶλλον
872 1317 989 1378 εαυτῶν
1018 1340 1092 1378 οιον
1121 1312 1358 1429 άπωθουμένυιι.

256 1409 309 1469 καὶ
338 1413 465 1489 κρατεῖν
495 1429 511 1481 η
523 1405 731 1509 κρατεῖσθαι
760 1403 919 1476 παντελως
946 1397 989 1483 μὴ
1020 1403 1228 1485 δυναμένων,
1262 1397 1357 1510 οἷαίΙ

253 1489 359 1600 μόνον
381 1486 569 1601 σταθηρδν
586 1490 639 1565 τῆς
673 1485 792 1550 ἑαυτῶν
827 1484 950 1571 φάσεως
986 1485 1066 1598 δ’ρον
1103 1494 1301 1600 κεκτημένων
1330 1487 1357 1553 τό

255 1571 410 1661 άπορρείν
439 1580 492 1640 καὶ
519 1572 562 1681 μῆ
563 1573 767 1655 ἵστασθαι,
800 1579 950 1677 παίγνιον
978 1571 1111 1649 είκότιος
1145 1571 1268 1660 ἐρρέθη
1295 1579 1357 1640 θεολ

255 1686 297 1770 τῳ
284 1654 562 1747 ”διδασκάλῳ,
538 1683 580 1733 ως
598 1657 651 1722 διά
676 1657 794 1724 τούτων
815 1656 1008 1742 μετάγοντος
1029 1655 1113 1742 ἧμός
1137 1659 1255 1726 ἐπὶ
1220 1688 1257 1727 τα
1279 1662 1357 1736 ὄντας

255 1745 349 1828 ὄντα,
370 1751 423 1810 καὶ
444 1724 600 1829 μηδέποτε
622 1742 829 1828 σαλευόμενα.

244 1919 352 2010 Ἀλλη
377 1912 520 2009 θεωρία
546 1916 595 1996 εἰς
616 1912 659 1987 τό
684 1911 788 1989 αὐτό.

361 2045 402 2109 Ei
432 2048 465 2110 δὲ
494 2050 548 2110 καὶ
577 2040 672 2152 ἡμεῖς
694 2042 801 2123 αὐτοὶ,
836 2043 916 2109 κατά
946 2041 999 2125 την
1028 2051 1219 2131 κρατοῦσαν
1241 2049 1292 2115 έπὶ
1313 2055 1353 2115 τοί

254 2132 413 2218 παρόντος
436 2135 488 2211 τῆς
511 2129 634 2214 φάσεως
656 2127 742 2215 ἡμῶν
759 2129 975 2212 άκολουθίαν,
1004 2134 1059 2196 νῦν
1076 2137 1139 2244 μὲν
1159 2131 1273 2200 καθΗ
1256 2135 1342 2219 ομοιό

253 2245 327 2299 τητα
358 2221 418 2282 τῶν
445 2217 609 2282 λοιπῶν
596 2223 648 2280 επὶ
678 2222 734 2300 γῆς
763 2215 849 2322 ζάφν
876 2216 1083 2301 γεινάμενοι,
1115 2220 1231 2286 ἔπειτα
1261 2225 1352 2296 παῖδες

252 2303 430 2414 γινόμενοι,
459 2296 528 2368 εἶτα
558 2300 730 2379 άνθους’
706 2303 873 2407 ωκυμόρου
898 2308 1044 2384 δίκην
1008 2331 1060 2384 της
1082 2307 1237 2387 νεότητος
1257 2308 1308 2374 ἐπὶ
1326 2305 1349 2371 τό

253 2387 361 2476 ῥικνδν
395 2395 447 2469 τῆς
477 2388 690 2469 παλαιότητος
719 2389 893 2476 φθασάσης
920 2391 1167 2474 τεθνηξόμενοι,
1205 2401 1260 2460 καὶ
1288 2393 1349 2478 πρός

253 2457 361 2585 ἕτερον
388 2482 461 2558 βίον
481 2480 750 2581 μετατιθέμενοι,
780 2483 928 2586 παίγνιον
957 2476 1116 2589 έρῆθημεν
1140 2484 1200 2544 τοῦ
1220 2486 1302 2547 θεοῦ
1319 2482 1348 2587 66

252 2560 409 2671 θεοφόρῳ
432 2560 532 2650 τούτῳ
555 2562 751 2651 διδασκάλῳ,
774 2559 832 2629 οίκ
853 2564 913 2639 ἔξω
936 2567 994 2627 τοῦ
1013 2563 1150 2640 εἰκότος
1197 2564 1320 2652 Πρόςγ
1303 2563 1346 2672 γάρ

253 2648 306 2728 τῆν
340 2653 518 2754 μέλλουσαν
553 2652 605 2726 τῆς
639 2654 733 2723 θείας
766 2655 819 2714 καὶ
849 2645 989 2728 άληθοός
1018 2648 1145 2729 ζωῆς”
1123 2661 1345 2757 αρχετυπίανη

251 2739 400 2838 παροῦσα
423 2738 648 2853 συγκρινομένη
674 2731 732 2814 ζωη
756 2734 907 2818 παίγνιόν
926 2735 1008 2814 ἔστι,
1031 2742 1085 2801 καὶ
1107 2741 1174 2802 πάν
1192 2739 1229 2804 εί
1239 2766 1267 2804 τι
1285 2736 1345 2803 6666

253 2820 363 2886 τούτοιν
382 2821 605 2899 καθέστηκεν1
616 2816 855 2904 άνουσιιότερον.
884 2820 992 2930 Ὅπερ
1010 2821 1043 2887 έν
1060 2826 1106 2910 τῷ
1122 2824 1171 2900 είς
1186 2823 1346 2929 Καισάρων

88 2935 142 2985 ⁰66
154 2935 199 2974 η..
211 2937 243 2975 0r
253 2906 414 3015 ἐπιταφίῳ
442 2907 580 2971 δείκνυσι
610 2910 822 2991 σαφέστερον,
860 2903 977 2974 οότωσὶ
1003 2911 1119 2992 λέγων,
1160 2904 1344 2988 Τοιοῦτοςλ
1373 2930 1376 2945 ·

87 2985 244 3025 ¹⁰⁰⁹”f·¹¹¹⁰¹⁶·
234 2996 324 3074 ’βίος
345 3015 449 3074 ημων,
470 2987 625 3101 άδελφοὶ,
651 2996 710 3056 τόν
733 2992 854 3070 ζώντων
874 2992 1069 3079 πρόςκαιρα·
1100 3001 1233 3064 τοιοῦτο
1254 3024 1289 3064 το
1279 2996 1343 3061 ίτλ

86 3033 290 3138 {66626'666
238 3081 306 3161 γῆς
327 3083 493 3182 παίγνιον·
525 3076 581 3144 οόκ
604 3076 697 3153 ὄντας
718 3084 886 3161 γενέσθαι,
915 3085 968 3147 καὶ
990 3084 1182 3164 γενομένους
1204 3081 1344 3160 άναλυθῆ

86 3139 160 3232 66⁹⁹
143 3140 219 3189 Μὰ
205 3142 322 3229 ¹³'‘⁰666ae
351 3161 430 3273 όναρ
460 3159 618 3248 έσμέν
582 3190 641 3248 ουχ
664 3163 848 3248 ιστάμενον,
883 3164 996 3252 φάσμα
1019 3193 1048 3230 τι
1070 3165 1114 3250 μὴ
1138 3169 1280 3256 κρατοόμ
1281 3193 1344 3246 ενοι,

251 3253 363 3328 πτῆσις
385 3246 497 3354 όρνέου
519 3250 803 3360 ’παρεργομένοα
830 3255 905 3328 ναῦς
928 3250 979 3317 έπὶ
997 3251 1175 3361 θαλάσσης
1198 3251 1332 3364 ίγνος’
1302 3278 1344 3322 οα

250 3334 386 3419 ἔχουσα,
420 3333 522 3419 κόνις,
551 3333 661 3441 άτμὶς,
688 3334 805 3416 ἑωθινῆ
829 3336 981 3445 δρόσος,
990 3335 1093 3415 άνθος
1115 3349 1228 3451 καιρῷ
1243 3341 1344 3451 φυόμε·

250 3446 305 3487 νον
333 3426 386 3486 καὶ
405 3427 517 3532 καιριό
539 3422 726 3533 λυόμενον,
740 3419 981 3532 ἅνθρωπος,
957 3429 1028 3500 ωςεὶ
1049 3422 1171 3509 χόρτος
1193 3429 1228 3492 αἱ
1250 3426 1343 3532 ἡμέραν

84 3533 133 3574 σοι.
148 3503 362 3584 ιυοιυαδτοιλ,
393 3502 463 3582 άςεί
492 3485 595 3584 άνθος
623 3514 679 3573 τοό
707 3506 823 3594 άγροό,
855 3509 1013 3617 οδεωςΙέ
1015 3511 1191 3594 ξανθησει,
1220 3506 1341 3588 καλόςδ

84 3617 155 3657 τοι..
163 3614 240 3666 εοεαε
248 3597 341 3669 θεῖος
360 3597 467 3677 Δαβὶδ
487 3600 560 3678 περὶ
583 3599 636 3674 τῆς
656 3592 866 3670 ασθενείας
850 3599 937 3679 ημῶν
959 3563 1193 3682 ἐφιλοσόφησε.

356 3717 463 3777 Ταῦτα
496 3720 569 3818 περὶ
602 3706 645 3777 ὧι
678 3724 746 3790 τοίς
772 3718 958 3791 θειοτάτοις
987 3719 1044 3780 τοό
1070 3717 1215 3818 μεγάλου
1242 3714 1341 3800 πατρός

246 3795 407 3882 ἡμῶνκαὶ
430 3797 622 3864 διδασκάλου
645 3802 825 3904 Γρηγορίου
849 3797 997 3908 λέγως’
980 3801 1165 3882 ηπορῆσατε
1188 3811 1242 3870 καί
1261 3804 1341 3870 είτείι

245 3883 428 3950 έκελεόσατέ
447 3909 521 3967 μοι,
553 3883 811 3994 μακαριότατοι,
843 3884 922 3950 κατά
946 3885 1000 3964 τὴν
1022 3886 1100 3969 έμῆν
1122 3888 1267 3975 δύναμιν.
1309 3887 1341 3973 66

245 3966 385 4080 λγμετέρῳ
419 3970 546 4079 νεόματι
582 3966 762 4046 δικαίωςί
747 3977 883 4037 υπείκων
916 3969 1038 4056 ἔφην’
1024 3970 1085 4057 εγαλ
1114 3976 1341 4080 στοχαζόμενος,

244 4051 309 4121 666³
348 4052 405 4121 0666
442 4052 712 4162 ἀποφαινόμενος.
768 4053 813 4120 06
849 4055 909 4142 γάρ
940 4056 1115 4143 έφικνεῖται
1148 4067 1203 4142 τῆς
1217 4059 1340 4171 μεγάλης

243 4146 296 4204 καὶ
326 4137 446 4223 ὗφηλῆς
473 4146 531 4206 τοῦ
559 4142 669 4208 θεο’
622 4167 728 4250 φορου
758 4143 954 4210 διδασκάλου
983 4145 1180 4224 διανοίαςε
1163 4174 1181 4214 ο
1212 4145 1338 4233 ἡμέτεραί
1375 4173 1376 4180 ’

242 4228 332 4308 νοός,
367 4231 501 4302 πολλαίς
535 4226 580 4294 666-
612 4226 690 4294 κατά
721 4231 854 4308 θέλησιν
882 4224 971 4296 άιιίσι
1000 4236 1119 4299 παθων
1152 4235 1336 4319 βαλλόμενοί

244 4340 519 4354 *-

308 4397 331 4451 1.
352 4395 491 4463 Rescripsi
510 4387 715 4460 666666666666
734 4410 782 4460 666
802 4389 1004 4461 δυοειίυτεουν,
1024 4401 1096 4468 6666
1111 4402 1193 4454 hebet
1215 4404 1269 4455 οοδ.
1287 4397 1334 4456 666,
